1942 3286
196 109 247 161 180
492 111 694 156 HERODOTI

196 215 382 295 δασμοφόρους
395 212 529 282 πόλιας
500 241 548 282 τας
559 187 810 293 παραθαλασσιους,
819 192 969 273 κελεάων’
939 238 967 272 νε

196 326 223 360 τε
234 299 363 384 μακράς
349 302 393 357 καὶ
406 298 550 376 ἱππαγωγά
563 306 643 358 πλοῖα
656 304 806 357 ποιέεσθαι.

258 391 299 443 49.
325 387 406 441 Οὗτοί
422 405 449 440 τε
467 380 498 452 οη
516 380 740 457 παρεσκευάζοντο
754 380 852 449 ταῦτα,
872 381 918 438 και
931 405 971 439 το

121 509 131 521 .
195 465 288 539 ἣκουσι
308 471 333 532 ἐς
353 464 399 537 τὴν
418 462 527 521 Ἐλλάδα
548 461 637 539 κήρυξι
661 466 752 523 πολλοὶ
772 467 819 540 μέν
839 461 967 540 ἦπειρωτέ

196 546 334 609 ἔδοσαν
306 573 340 607 τα
357 549 496 623 προίσχετο
516 546 606 604 αἰτέων
624 545 770 623 ὃΠέρσης,
796 543 893 612 πάντες
910 549 939 603 δέ

197 635 289 691 σιῶται
306 637 331 698 ές
350 627 412 695 τοὺς
433 627 570 687 ἀπικοίατο
594 627 750 701 αἰτήσοντες.
779 631 808 686 οῗ
826 651 854 686 τε
877 624 948 700 0ὴά

195 715 322 787 νησιῶται
340 713 441 772 διδοῦσι
458 712 509 789 γῆν
522 735 549 770 τε
562 714 606 770 καί
624 709 693 789 ὕδωρ
711 716 827 789 Δαρείῳ,
848 712 893 769 καί
912 709 944 784 οη
969 750 971 757 ·

195 797 340 873 Αἰγινῆται.
373 793 503 867 ποιήσασι
533 798 562 854 δέ
588 819 635 869 σφι
657 796 741 853 ταῦτα
763 795 843 859 ἰθέως
861 791 966 867 Ἀθηνα

195 884 329 948 ἐπεκέατο,
357 881 487 945 δοκέοντες
505 881 547 936 ἐπί
565 883 641 953 σφίσι
659 880 765 952 ἔχοντας
781 875 843 942 τούς
860 875 970 953 Αἰγινητ

196 958 346 1032 δεδωκέναι,Ι
369 960 403 1029 ὥς
422 961 477 1040 άμοι
495 962 530 1038 τῷ
542 966 634 1040 Πέρση
648 965 691 1020 ίπί
705 967 787 1036 σφέας
801 958 966 1036 στρατεάωκτ

195 1049 240 1105 καί
247 1043 362 1122 -ἀσμενοι
375 1042 526 1144 προράσιος
538 1043 701 1118 ίπελάβοντο,
718 1047 862 1118 φοιτέοντές
874 1044 903 1101 τε
917 1049 942 1110 ές

196 1127 323 1205 Σπάρτην
343 1125 505 1203 κατηγόρεον
525 1126 577 1185 τάν
597 1129 754 1204 Αἰγινητέων
776 1123 810 1185 τά
834 1124 964 1200 πεποιήκο

196 1209 378 1290 προδόντες
352 1234 399 1283 την
408 1208 525 1269 Ἑλλάδα.

259 1302 300 1352 50.
324 1291 400 1371 Πρὸς
416 1292 512 1366 ταύτην
529 1288 606 1352 δέ
579 1315 624 1366 την
647 1296 803 1368 κατηγορίην
820 1295 969 1369 Κλεομένης

192 1372 395 1453 Ἀναξανορίοεω
410 1373 571 1453 βασιλεος’
544 1400 592 1435 των
605 1379 788 1453 Σπαρτιητέων
800 1375 870 1450 διέβη
885 1380 961 1442 ἐςΑἰ
923 1380 966 1435 Αί

197 1482 253 1528 ναν,
268 1458 424 1537 βουλόμενος
437 1461 571 1535 συλλαβεῖν
583 1459 738 1535 Αἰγινητέων
750 1455 812 1524 τοίις
826 1454 961 1517 αἰτιωτοίτ

196 1542 231 1608 ὦς
245 1546 272 1599 οέ
287 1544 404 1619 ἐπειρᾶτο
418 1541 610 1621 συλλαμβάνων,
631 1538 701 1599 ἀλλοι
715 1564 742 1598 τε
756 1536 833 1612 οη’
802 1565 872 1616 αυτῳ
858 1541 953 1617 έγίν

199 1624 313 1691 ἀντίξοοι
331 1624 382 1681 τῶν
399 1625 567 1700 Αἰγινητέων,
590 1630 616 1681 ἐν
634 1626 661 1680 οέ
680 1621 711 1695 οη
726 1648 770 1680 και
761 1625 867 1722 Κρῒος
882 1649 898 1684 ο
912 1635 958 1684 Πο

197 1711 285 1785 κρίτου
297 1704 456 1784 μάλιστα,“
440 1730 469 1772 ος
484 1704 530 1765 οὖν
544 1708 592 1780 ἔφη
607 1701 688 1764 αιἰτίιν
702 1703 795 1763 οιίὄένοι
810 1701 881 1772 ἀξειν
892 1711 970 1785 γαίρ

197 1815 232 1850 τα
250 1791 417 1867 Αἰγινητέων·
440 1786 501 1848 ἀνευ
517 1787 571 1866 γάρ
588 1812 631 1866 μιν
649 1792 832 1865 Σπαρτιητέων
848 1791 899 1848 τοῦ
916 1815 958 1849 κοι

198 1878 293 1934 ποιέειν
306 1874 403 1942 ταῦτα,
425 1871 473 1932 ὑπ’
486 1871 634 1946 Ἀθηναίων
652 1869 861 1949 ἀναγνωσθέντα
871 1871 971 1951 χρῆμα

199 1955 255 2033 άμα
272 1955 324 2034 γάρ
343 1953 376 2013 ἀν
392 1980 436 2033 μιν
453 1956 489 2033 τῷ
507 1959 582 2033 ἑτέρῳ
601 1957 704 2031 βασιλέϊ
719 1952 834 2015 ἐλθόντα
851 1958 966 2032 συλλαμ

198 2063 263 2099 νειν.
290 2042 360 2116 ἔλεγε
386 2043 414 2098 δέ
441 2041 524 2098 ταῦτα
552 2044 580 2105 ἐξ
606 2039 755 2112 ἐπιστολῆς·
768 2039 813 2111 τῆς
834 2037 971 2116 Δημαρήτ

199 2128 345 2200 Κλεομένης
362 2124 390 2181 δέ
408 2119 615 2231 ἀπελαυνόμενος
632 2128 659 2180 ἐκ
676 2125 720 2194 τῆς
732 2124 839 2226 Αἰγίνης
856 2126 941 2199 εἴρετο
968 2154 971 2168 ¹

199 2203 352 2284 Κριονὸτι
366 2207 392 2265 οἳ
409 2211 447 2279 εἴη
461 2204 492 2265 τὸ
506 2203 618 2280 οἰένομα
643 2202 739 2264 οοε
712 2230 744 2263 το
758 2204 829 2264 ἐὸν”
814 2209 916 2282 εφρασέ
927 2231 961 2264 οι

201 2294 229 2349 δέ
246 2293 391 2365 Κλεομένης
408 2287 476 2368 πρὸς
492 2285 573 2348 αιἰτὸν
592 2289 657 2389 έρη·
688 2284 804 2361 ’”ἸΙοη
773 2311 821 2347 νυν
837 2285 944 2363 καταχά
968 2323 971 2332 1

199 2364 301 2459 ὦΚρίθ
314 2397 347 2432 ἴα
361 2397 478 2456 κέθὸαῑθί
481 2397 549 2445 ΗΜ
527 2396 596 2436 ον’ὓιυ
582 2369 692 2453 δι’ἰμὲὶῦζ
702 2396 806 2453 μ’ἓίυιιο
753 2369 806 2434 δί’ίιιίί
818 2373 898 2454 λίαίίῷ.

263 2472 304 2524 51
323 2461 365 2521 Ἐν
379 2463 449 2521 δέ
418 2488 449 2540 τῃ
465 2460 575 2539 Σπάρτη
589 2484 682 2519 τουτον
695 2458 742 2520 τὸν
752 2459 850 2537 χρόνον
867 2483 922 2522 υπο
947 2505 951 2511 -

199 2545 388 2624 Δημάρητος
375 2571 390 2606 ο
404 2546 556 2651 Ἀρίστωνος
574 2543 730 2620 οιέβαλλε
704 2567 750 2604 τον
767 2549 932 2621 Κλεομένεα,
963 2577 968 2586 ·

128 2629 315 2704 βασιλικάς
326 2632 376 2693 καί
388 2622 467 2704 οιίτος
480 2632 675 2712 Σπαρτιητέων,
697 2630 776 2704 οἰκίης
790 2630 865 2688 ὂέ”
834 2654 881 2704 της
893 2628 970 2691 εἰποί
