1942 3286
144 514 159 560 2
428 512 632 559 HERODOTI

142 625 220 698 μένην
238 640 287 692 σφι
305 613 476 694 οτρατιίην’
447 640 495 675 ουκ
512 612 615 692 ὀλίγην·
638 616 667 674 αί
683 613 737 694 γάρ
754 618 807 677 τῶν
820 623 947 678 Σκυθέων

143 708 267 779 γυναῖκες,
282 698 316 767 ὥς
330 723 378 773 σφι
392 723 418 758 οι
408 695 550 776 (άνὸρες
535 698 641 771 οσιῆσαν
651 697 748 777 χρόνον
760 698 864 771 πολλόν,
873 707 945 778 ἐφοί-

144 808 202 845 τεον
215 781 288 860 παρά
302 780 362 848 τοίις
376 779 490 848 ὄοόλους

207 875 231 925 2.
256 864 322 932 Τοὺς
344 867 372 922 δὲ
390 861 548 930 ὁοιίλουςε
521 889 547 925 οι
567 861 677 925 Σκόθαι
696 862 798 934 πάντας
818 866 945 942 τυφλοῦσι

145 975 193 1009 του
178 946 334 1026 γάλακτος
352 948 444 1006 εἵνεκεν
461 970 509 1006 του
520 951 626 1008 πίνουσι
639 950 768 1017 ποιεῦντες
780 941 842 1008 ὧδε·
864 948 944 1008 ἐπεάν

145 1033 296 1109 φυσητῆρας
314 1026 448 1108 λάβωσι’
436 1032 567 1097 οστέίνους
588 1029 691 1090 αιἰλοῒσι
710 1029 941 1132 προσεμφερεστά-

145 1139 213 1184 τους,
230 1112 337 1180 τοότους
351 1116 472 1180 ἐσθέντες
485 1118 509 1181 ἐς
522 1114 573 1172 τῶν
585 1119 688 1187 θηλέων
700 1117 788 1174 ἵππων
800 1138 834 1173 τα
823 1111 943 1215 άρθρα

146 1198 251 1273 φυσῶσι
262 1202 332 1256 τοῖσι
345 1194 466 1272 στόμασι,
484 1193 557 1255 άλλοι
569 1199 597 1256 δὲ
610 1196 692 1257 &um
704 1195 852 1303 φυσεόντων
865 1195 940 1272 ἄμελ-

144 1303 231 1359 γουσι.
258 1304 325 1354 φασι
317 1281 372 1337 δὲ
385 1280 499 1339 τοάίε”
473 1302 557 1337 εινειιοι
568 1282 647 1341 τοότο
659 1285 767 1341 ποιελειν·
787 1276 835 1348 τάς
847 1280 943 1365 φλέβας

145 1389 173 1423 τε
190 1366 364 1439 πίμπλασθαι
376 1364 550 1461 φυσεοιμίνας
569 1363 615 1433 τῆς
635 1365 720 1421 ἵππου
735 1366 780 1423 καί
796 1360 828 1422 τό
850 1353 943 1439 οὖθαρ

145 1448 295 1505 κατίεσθαι.
323 1440 402 1502 ἐπεάν
419 1444 447 1499 δὲ
470 1440 595 1549 άμόλξωσι
615 1440 646 1502 τό
662 1442 745 1520 γάλα,
767 1448 900 1517 ἐσχέαντες
918 1451 943 1510 ἐς

146 1527 267 1598 ξόλινα’
253 1524 350 1607 αγγήῒα
364 1530 438 1584 κοῖλα
455 1548 499 1583 τοι
490 1526 711 1633 περιστίξαντες
714 1522 783 1584 κατά
795 1522 830 1584 τά
844 1522 942 1626 άγγηῖα

146 1612 206 1678 τοὺς
224 1608 335 1710 τυφλρίις
347 1604 503 1668 δονέουσι“
477 1630 508 1666 το
521 1606 603 1683 γάλα,
624 1610 669 1667 καί
686 1606 717 1668 τὸ
731 1610 779 1709 μὲγ
792 1606 872 1667 αὐτου
858 1610 940 1666 ἐπι-

148 1692 275 1770 στάμειον
289 1689 472 1795 ἀπαρύσαντες
484 1688 606 1766 ηγεόνται
618 1688 684 1750 εἶναι
697 1715 851 1769 τιμιωτερον,
869 1716 900 1751 το
889 1689 939 1749 ’ἰλ

147 1774 346 1879 ίρτιστάμενοτ
346 1795 432 1847 ησσον
457 1774 504 1831 τοῦ
530 1776 624 1850 ἑτέρου.
664 1774 763 1834 τούτων
788 1780 834 1851 μὲν
858 1777 943 1833 εἵνεκα

148 1859 254 1961 άπρντα
267 1854 314 1916 τόν
325 1852 361 1915 όν
372 1853 512 1930 λάβωσιε
486 1879 512 1915 οι
524 1855 633 1916 Σκόθαι
650 1859 813 1933 ἐκτυφλοῦσι·
840 1854 874 1917 οὗ
889 1854 943 1935 γάρ

149 1942 261 2043 ἇρόται
253 1940 311 2009 εἶσι,
295 1936 389 1997 άλλά
401 1935 519 2041 νομάδες.

211 2033 235 2085 8.
251 2018 295 2081 Ἕκ
311 2019 410 2080 τοόταιν
426 2012 496 2094 δὴ
474 2044 512 2081 τον
529 2046 578 2096 σφι
592 2022 646 2082 τῶν
663 2021 761 2083 δοόλων
776 2024 821 2082 καί
833 2023 885 2082 τῶν
895 2046 944 2108 γυ-

148 2108 243 2169 καινάν
256 2102 387 2181 ἐπετράφη
401 2103 501 2176 νεότης,
521 2130 549 2164 οι
535 2106 619 2164 ἐπεί
634 2129 662 2164 τε
676 2109 781 2183 ἔμαθον
791 2129 838 2181 την
852 2110 944 2181 σφετέ-

148 2215 196 2272 ρην
208 2193 319 2268 γένεσιν,
337 2185 470 2259 ἠντιοῦντο
484 2185 587 2248 αυτοῒσι
599 2212 720 2249 κατιουυι
732 2197 759 2250 ἐκ
772 2190 823 2250 τάν
837 2188 946 2264 Μήδων.

149 2278 193 2334 καί
204 2272 297 2351 πρῶτα
309 2273 356 2348 μὲν
368 2269 414 2344 τὴν
428 2269 515 2350 χώρην
534 2269 710 2348 ἀπετάμοντο,
730 2271 833 2352 τάφρον
849 2269 946 2350 όρυξά-

148 2379 220 2435 μενοι
232 2354 331 2433 εὐρέαν,
344 2360 548 2415 κατατείνουσαν
561 2364 588 2415 ἐκ
600 2358 652 2415 τῶν
668 2358 800 2434 Ταυρικῶν
814 2355 910 2433 σόρόων
923 2361 949 2420 ἐς

149 2439 196 2514 τὴν
209 2439 332 2499 Μαιῶτιν
344 2441 444 2512 λίμνην,
465 2437 532 2516 ἥπερ
550 2442 605 2497 ἐστὶ
621 2443 741 2515 μεγίστη
762 2436 827 2517 μετά
848 2442 875 2496 δὲ
889 2460 945 2497 πει-

150 2525 299 2602 ρεωμενοισι
326 2518 456 2595 ἐσβάλλειν
486 2528 556 2581 τοῖσι
580 2519 706 2597 Σκόθησι
733 2520 948 2599 ἀντικατιζόμενοι

151 2605 285 2685 ἐμάχοντο.
310 2608 443 2680 γενομένης
460 2606 487 2662 δὲ
502 2603 586 2681 μάχης
602 2603 723 2675 πολλάκις
735 2609 779 2665 καί
793 2604 825 2666 οὗ
838 2607 946 2681 δυναμέ-

151 2715 202 2750 νων
216 2688 289 2750 οὐδὲν
303 2690 381 2746 πλίον
394 2691 459 2763 {year
471 2690 522 2747 τῶν
535 2693 661 2747 Σκυθέων
672 2691 705 2766 τῇ
716 2689 796 2767 μάχη,
814 2684 850 2754 εἷς
864 2686 949 2746 αι’πῶν

151 2777 217 2841 ἔλεξε
236 2771 314 2831 τάδε·
352 2766 402 2830 Οἷα
420 2772 552 2871 πορείηιεν,
575 2769 664 2880 άιδρες
680 2772 806 2842 Σκύθαις
833 2768 950 2870 δοόλοιρι

151 2866 220 2917 τοῖσι
237 2856 379 2934 ημετέροισι
396 2853 538 2933 μαχόμενοι
556 2853 632 2914 αιἰτοί
647 2879 677 2915 τε
694 2855 832 2920 ἐλάσσονες
849 2850 947 2911 κτεινό-

236 2937 388 3019 γινόμεθα,
410 2940 454 2996 καί
472 2940 580 3003 ἐκείναις
597 2942 735 3006 κτείνοντες
753 2932 901 2998 ἐλασσόνων
917 2930 949 2994 τό

298 3043 369 3101 oster.
399 3023 447 3083 νόν
465 3042 504 3084 ων
514 3044 560 3102 μοι
568 3022 692 3084 δοκέει
668 3020 761 3101 αιχρός
770 3025 815 3121 μὲν
827 3042 872 3077 και
862 3017 952 3085 τόξα
