1942 3286
120 178 169 229 214
419 179 624 227 HERODOTI

121 290 228 348 τουτέων
242 279 363 361 ουδαμαί.
403 282 432 344 ‘0
449 289 496 385 μέν
514 282 546 357 δή
563 280 789 362 πρεσβύτερος”
753 307 805 344 των
821 289 924 346 παίδων

118 371 155 446 τῷ
172 372 274 445 Κίμωνι
290 364 462 444 Στησαγόρης
478 356 511 440 ἦν
527 389 666 439 τηνικαυτα
683 366 758 445 παρά
775 368 812 446 τῷ
830 367 923 447 πάτρῳ

108 428 252 532 ,λίιλτιάδη
269 447 444 551 τρεφόμενος
443 448 518 507 έν
486 473 518 526 τη
532 446 706 526 Χερσονήσῳ,
730 449 787 511 οδε
800 450 923 552 νεώτερος

118 560 175 614 παρ
202 533 272 611 αύτρι
259 535 386 610 Κίμωνι
400 538 426 592 ἑν
435 529 578 608 Ἀθήνῃσι,
596 530 713 609 τοάνομα
727 536 791 606 ἔχων
805 532 923 597 ἀπὸτοῦ

120 620 235 679 οἰκιστέω
248 618 293 689 τῆς
289 613 478 717 Χερσονήσου
491 612 640 674 Μιλτιάδεω
653 616 807 689 Μιλτιάδης.

181 707 239 760 10⁵.
264 689 346 766 Οὗτος
368 688 441 771 δή
419 720 456 757 ων
475 696 534 758 τότε
552 723 567 759 ο
556 697 764 772 Μιλτιάδης’
747 721 817 772 ηκων
834 700 909 760 ἐπ’
878 723 922 774 της

118 781 291 863 Χερσονήσου
308 784 354 842 καί
375 780 537 860 ἐκπεφευγὼς
559 780 667 842 διπλόον
683 779 808 842 θάνατον
825 789 920 862 ἐστρα-

118 867 193 945 τήγεε
211 864 366 940 Ἀθηναίων.
396 863 451 942 ἅμα
471 869 519 944 μέν
538 864 592 944 γάρ
614 867 641 926 ολ
661 869 775 943 Φοίνικες
797 863 880 926 αύτόν·
897 866 924 925 οἶ

32 970 35 975 ’
119 948 297 1018 ἐπιδιώξαντες
308 945 492 1027 μέχριἼμβρου
504 951 565 1027 περί
577 949 675 1008 πολλού
688 950 820 1009 ἐποιεῦντο
833 949 923 1026 λαβεῖν

117 1059 146 1094 τε
162 1037 207 1092 καὶ
221 1031 364 1110 ἀναγαγεῖν
376 1030 452 1109 παρὰ
470 1034 592 1108 βασιλέα,
615 1030 672 1110 ἅμα
690 1035 718 1092 δέ
734 1029 883 1110 ἐκφυγόντα
895 1055 922 1092 τε

117 1113 226 1183 τούτους
239 1119 283 1175 καὶ
298 1113 453 1192 ἀπικόμενον
467 1122 492 1183 ές
508 1113 556 1188 τήν
568 1116 665 1174 έωυτού
679 1113 801 1175 δοκέοντά
815 1139 843 1174 τε
856 1112 923 1174 εἶναι

117 1207 144 1258 ἐν
157 1203 271 1277 σωτηρίη
285 1195 346 1272 ήδη,
368 1194 399 1258 τό
419 1199 541 1258 ένθεῧτέν
553 1221 602 1276 μιν
611 1200 637 1257 οἱ
650 1201 745 1276 ἐχθροί
758 1196 920 1276 ἀποδεξάμε-

117 1307 159 1344 νοι
176 1285 220 1342 καὶ
237 1281 290 1342 ἀπό
308 1279 474 1358 δικαστήριον
492 1279 573 1383 αάτόμ
589 1279 733 1359 ἀγαγόντες
749 1283 858 1349 ἐδίωξαν
876 1306 920 1341 τυ·

118 1366 279 1445 ραννίδος
249 1390 311 1466 τηςυ
312 1371 339 1425 έν
352 1363 521 1443 Χερσονήσῳ
550 1363 696 1442 ἀποφιγέιν
709 1367 742 1426 δὲ
749 1367 793 1423 και
804 1361 922 1433 τούτους,

119 1447 267 1528 στρατηγὸς
279 1447 347 1510 ούτω
356 1446 506 1564 Ἀθηναίων
521 1446 665 1524 ἀπεδεήγθη,
678 1445 822 1528 αἱρεθεὶςε
806 1445 861 1508 υπὸ
875 1470 923 1507 του

119 1531 209 1611 δήμου

180 1622 239 1673 105
265 1617 323 1675 Καὶ
348 1613 442 1692 πρῶτα
461 1616 509 1692 μέν
530 1610 651 1681 ἐόντες’Ι
634 1637 671 1674 οτι
691 1619 719 1672 έν
741 1613 777 1693 τῷ
788 1610 879 1672 ἀστεί
887 1615 925 1674 ·οέ

54 1688 61 1705 “
119 1698 263 1776 στρατηγοι
280 1696 467 1802 ἀποπέμπουσι
478 1703 510 1764 ές
523 1694 648 1774 Σπάρτην
664 1694 763 1774 κήρυκα
783 1698 923 1756 Φειδιππί-

20 1859 22 1865 .
119 1785 173 1855 δην,
183 1778 329 1855 Ἀθηναῖον
340 1785 387 1860 μέν
398 1778 495 1859 ανδρα,
512 1777 593 1848 άλλως
607 1783 639 1839 δέ
647 1777 825 1858 ημεροδρόμον
837 1803 867 1840 τε
880 1780 925 1839 και

64 1901 67 1905 ⁷
118 1890 197 1926 τουτο
208 1865 359 1943 μελετωντα
386 1861 509 1941 τῷδή,
488 1883 524 1930 ως
537 1887 616 1930 αυτος
628 1887 657 1923 τε
670 1865 739 1940 ἔλεγε
756 1865 926 1967 Φειδιππίδης

119 1951 164 2008 καὶ
177 1946 344 2021 Ἀθηναίοισι
359 1945 517 2051 ἀπηγγελλε,
539 1948 600 2023 περὶ
616 1945 647 2006 τό
666 1951 822 2024 Παρθένιον
844 1937 923 2023 ούρος

118 2030 150 2092 τό
164 2031 229 2133 ύπέρ
245 2036 337 2108 Τεγέης
355 2056 370 2091 ο
384 2029 448 2089 Παν
460 2032 614 2108 περιπίπτει
641 2028 765 2109 βώσαντα
783 2033 811 2090 δέ
828 2053 921 2089 τουνο-

118 2140 158 2192 μα
179 2116 227 2175 τού
252 2116 423 2174 Φειδαιπίδεω
445 2112 491 2174 τόν
513 2113 597 2170 Πάνα
614 2109 783 2186 Ἀθηναίοισι
804 2113 924 2172 κελεύσαι
970 2139 971 2151 =

121 2195 287 2277 ἀπαγγείλαι,
306 2195 399 2256 διότι
384 2221 481 2260 εωυτου
467 2193 616 2272 ουίδεμίαν
634 2201 776 2273 ἐπιμέλειαν
789 2197 925 2254 ποιεῦνται

120 2279 258 2350 έόντος”
228 2305 305 2341 ευνου
321 2278 490 2384 Ἄδηναίοιφι
510 2280 555 2336 και
576 2280 693 2356 πολλαχῇ
716 2284 855 2359 γενομένου
874 2275 925 2352 ήδη

122 2368 199 2441 σφίσι
209 2368 351 2444 χρησίμου,
367 2388 402 2422 τα
391 2361 474 2422 ''³'6
458 2387 493 2422 οτι
507 2363 552 2420 καὶ
565 2367 697 2466 ἐσομένου
724 2365 769 2422 καὶ
781 2388 866 2422 ταυτα
879 2365 927 2439 μέν

54 2492 55 2495 =
118 2445 270 2522 Ἂδιμαῖοι,
291 2445 477 2506 καταστάντων
496 2449 572 2520 σφίσι
589 2469 618 2504 ευ
604 2438 728 2519 'W
693 2470 745 2506 των
757 2443 925 2548 πρηγμάτων,

117 2530 308 2600 πιστεύσαντες
325 2528 391 2594 εἶναι
409 2529 513 2634 ἀληθέα
530 2527 701 2607 ἱδρύσαντο
686 2529 739 2591 υπὸ
753 2556 785 2608 τη
772 2525 926 2608 ἀκροπόλι

98 2613 237 2682 Πανός*
221 2613 295 2696 ιρόν,
320 2617 368 2678 καί
386 2611 471 2678 αύτόν
490 2609 545 2675 ἀπὸ
561 2611 656 2688 ταύτης
673 2615 718 2688 τῆς
736 2613 860 2692 ἀγγελίης
870 2620 925 2680 δυ·Ι

195 2704 330 2785 πετείησι
342 2697 391 2770 και
381 2699 532 2792 λαμπάδι
544 2697 710 2764 ἱλάσκονται
