1942 3286
139 462 173 517 66
431 466 636 515 HERODOTI

139 571 228 632 καλου
238 577 337 631 ποιίετε
350 572 466 630 δίκαια”
450 596 487 630 ετι
498 575 696 649 παραμένοντες.
726 569 810 629 σίλλΜ
797 574 852 630 επεὶ
869 572 918 651 πρί

75 678 78 683 ’
140 679 214 734 τερον
228 658 398 731 δειμαίνοντες
411 659 519 731 ἐμένετε,
541 655 588 712 νόν
601 652 763 721 λόσαντες
737 678 784 714 τον
796 652 881 732 πόρον
893 654 918 728 τίΙ

138 743 263 812 ταχίστην
276 735 353 797 σίπιτε
363 742 498 840 γαίροντες
511 735 654 813 ἐλεύθεροι,
667 741 760 797 θεοισί
770 761 799 795 τε
811 762 856 795 και
847 740 918 798 Σκί

138 829 211 900 θησι
227 819 321 888 εἰδότες
334 820 419 905 χάριν.
447 819 493 880 τόν
509 823 537 878 δε
553 817 680 897 πρότερον
703 818 777 880 εόντα
794 818 877 896 υμέων
895 823 918 880 δε

141 904 242 977 σπότην
254 904 324 1004 ημεῒς
336 890 570 981 παραστησόμεθα
589 901 655 961 οότω
669 900 736 962 ωὀτε
750 910 792 961 επε
783 902 918 981 μηδαμοί

140 990 176 1046 ἔτι
190 984 350 1064 ἀνθρώπους
364 984 444 1046 αι’νιὸν
456 983 683 1064 στρατεύσασθαι.

200 1077 257 1128 137
279 1067 354 1147 Πρὸς
365 1070 449 1129 ταῦτα
462 1094 488 1130 οι
479 1067 579 1134 Ηλωνες
592 1067 764 1144 ἐβουλεύοντο
788 1067 918 1132 Μιλτιάδε

138 1158 184 1230 μὲν
204 1154 253 1212 τοῦ
270 1151 427 1226 Αθηναίου,
451 1156 653 1230 στρατηγέοντος
674 1156 718 1211 καί
739 1153 918 1230 τυραννεύοντι

139 1241 350 1314 Χερσονησιτέων
366 1238 418 1296 τών
436 1242 462 1295 ἐν
477 1233 665 1311 Ἑλλησπόντῳ,
692 1225 725 1308 ἦν
741 1235 830 1313 γνώμη
842 1241 918 1296 πείθε

140 1327 211 1378 σθαι
225 1318 350 1396 Σκώθησι
362 1345 406 1378 και
397 1319 574 1397 ἐλευθεροόν
584 1317 692 1419 Ἰωνίην,
711 1317 833 1379 Ιστιαίου
851 1323 879 1379 δὲ
890 1345 918 1380 το

139 1397 272 1474 Μιλησίου
286 1407 385 1503 ἐναντίη
398 1401 491 1478 ταότη,
512 1401 666 1478 λέγοντος
647 1425 681 1468 ως
697 1402 744 1460 νόν
763 1407 809 1478 μὲν
821 1401 865 1462 διίι
879 1407 918 1461 Aa

67 1540 70 1545 .
138 1493 210 1563 ρεῖον
222 1487 330 1551 ἕκαστος
344 1484 430 1544 αιίτών
442 1483 590 1562 τυραννεύει
602 1482 704 1554 πόλιος,
727 1487 771 1558 τῆς
784 1491 918 1564 Δαρείου
910 1511 918 1544 ι

140 1565 262 1643 δυνάμιος
283 1572 485 1646 καταιρεθείσης
505 1566 565 1627 οίίτε
582 1565 660 1634 αυτὸς
678 1574 814 1641 Μιλησίων
835 1568 918 1635 οίόςι

140 1649 288 1710 ἒσεσθαι”
250 1676 369 1759 αρχειν,
388 1649 447 1711 σι’ίτε
462 1649 538 1711 ἄλλον
553 1649 644 1711 οίιδενα
658 1650 790 1727 ουδαμών
812 1650 918 1727 βουλησι

141 1742 212 1794 σθαι
224 1734 276 1812 γὰρ
289 1733 400 1807 ἑκάστην
416 1734 468 1792 τών
485 1739 580 1794 πολίων
598 1737 826 1812 δημοκρατέεσθαι
842 1737 918 1811 μᾶλλι

139 1843 155 1890 η
150 1815 385 1894 τυραννευεσθαι
425 1817 549 1876 Ἱστιαίου
563 1822 590 1877 δὲ
607 1816 710 1894 γνώμην
723 1816 817 1890 ταότην
832 1816 918 1877 άπσδε

139 1905 261 1974 τινυμένου
276 1898 367 1959 αυτίκα
383 1897 478 1966 πάντες
495 1924 565 1973 ησαν
582 1905 748 1977 τετραμμένοι
765 1899 831 1977 πρὸς
844 1900 918 1959 ταότι

139 1984 186 2056 τίγν
199 1982 310 2086 γνώμην,
324 1982 461 2068 πρότερον
465 2008 512 2056 την
525 1981 717 2043 Μιλτιάδεω
689 1981 840 2060 αιρεόμενσι.

202 2074 261 2124 138.
278 2057 367 2126 Ησαν
385 2070 456 2125 δε
430 2092 502 2126 ουτοι
518 2093 544 2126 οι
536 2069 723 2142 διαφέροντές
739 2089 767 2123 τε
784 2064 831 2138 τὴν
848 2066 918 2169 ιμῆφ(

139 2152 184 2207 καλ
197 2148 279 2216 ἐόντες
290 2147 370 2226 λόγου
388 2149 456 2227 πρὸς
470 2152 600 2225 βασιλέος,
621 2146 821 2220 Ελλησποντίων
833 2155 880 2226 μὲν
893 2162 918 2209 τι

139 2257 230 2310 ραννοι
243 2231 345 2308 Δάφνις
362 2258 390 2292 τε
399 2231 538 2334 Ἀβυδηνὸς
553 2257 597 2290 και
588 2229 744 2299 Ἰπποκλος
758 2234 918 2310 Λαμψακηνί

136 2319 181 2374 καί
192 2315 356 2394 Ηρόφαντος
374 2313 510 2394 Παριηνὸς
527 2341 572 2374 και
563 2315 770 2424 Μητρόδωρος
783 2319 918 2394 Προκοννη

138 2423 194 2466 οιος
212 2403 256 2458 καί
251 2398 456 2504 Ἀρισταγόρης
478 2399 618 2472 Κυζικηνός
636 2402 680 2457 καὶ
693 2398 815 2476 Ἀρίστων
833 2399 918 2469 Βυζάι

123 2506 205 2548 ,τιος
232 2487 304 2542 οὑτοι
320 2489 367 2560 μὲν
383 2505 453 2556 ησαν
473 2507 499 2541 οι
489 2484 541 2549 ἐξ
555 2480 755 2555 Ἑλλησπόντου·
783 2481 829 2540 ἀπ’
842 2482 918 2552 Ιωνίη

136 2567 164 2623 δὲ
176 2565 301 2642 Στράττις
318 2590 346 2624 τε
361 2575 430 2633 Χίος
446 2567 491 2624 καί
508 2564 606 2638 Αοοίκης
620 2558 719 2649 Σίίμιος
733 2590 778 2623 και
769 2565 918 2642 Λαοδάμα

139 2648 268 2715 Φωκαιεὺς
281 2652 326 2707 καί
336 2648 457 2716 Ιστιαιος
471 2647 612 2722 Μιλησιος,
631 2673 678 2706 του
692 2651 722 2719 ἠν
735 2647 824 2724 γνώμη
836 2675 853 2722 η
867 2673 918 2728 προ

136 2737 233 2807 κειμένη
253 2736 352 2805 ἐναντίη
370 2758 402 2811 τη
389 2731 573 2792 Μιλτιάδεω
614 2733 729 2793 Αίολεων
746 2735 773 2790 δὲ
789 2754 877 2810 παρην
891 2733 918 2795 λά

135 2839 211 2891 γιμος
224 2839 319 2902 μουνσς
328 2814 516 2926 Ἀρισταγόρης
528 2822 657 2892 Κυμαῖος

197 2907 256 2957 139
281 2903 392 2960 Οὑτσι’
373 2924 410 2959 ων
422 2903 479 2958 ἐπεί
494 2923 522 2958 τε
539 2921 587 2971 την
596 2897 719 2958 Ἱστιαίου
738 2900 855 3006 αἱρέοντο
867 2906 918 2976 γνεί

114 3004 180 3048 νινε
191 2985 274 3050 ἕδνέί
280 3007 330 3059 σφι
342 2983 412 3066 πρὸς
426 2981 508 3064 ταιίτη
521 2980 613 3045 166⁸M
599 3007 662 3063 εργα
675 3008 702 3042 τε
715 2985 758 3042 καί
772 2984 835 3042 ε’πεα
849 3007 918 3062 προσ

50 3080 205 3128 Α
248 3146 256 3169 ι
