1942 3286
117 161 164 208 112
414 161 618 207 HERODOTI

117 273 145 327 δέ
157 269 249 325 πάσαν
262 265 379 337 σπουδήν
391 265 552 342 ποιεύμενος·
574 270 678 324 ἐπινοέω
692 267 720 322 δέ
733 266 801 342 τῇδε.
824 263 917 343 Ἀρτα-
959 268 960 274 ’

116 356 209 428 φέρνης
222 374 276 456 μοι
279 348 399 426 τυγχάνει
411 348 458 407 ἐὼν
471 354 552 424 φίλος,
571 348 586 408 ὅ
600 352 627 407 δέ
636 346 809 425 Ἀρταφέρνης
817 346 918 408 Ὑστά-

118 457 191 493 σπεω
203 437 249 509 μέν
263 439 319 491 ἐστι
330 441 406 501 παῖς,
424 437 539 508 Δαρείου
553 435 581 490 δέ
593 456 642 490 του
628 431 774 506 βασιλέος
787 428 919 532 ἀδελφεὸς,

116 518 169 575 τῶν
190 514 215 573 δ’
233 519 434 575 ἐπιθαλασσίων
455 515 507 573 τῶν
526 520 554 572 ἐν
572 539 604 591 τη
591 512 734 614 'Adly''
716 537 788 591 αρχει
804 511 921 583 πάντων,

113 588 181 673 έχων
199 597 323 700 στρατιήν
341 622 370 657 τε
386 595 484 670 πολλήν
499 621 543 655 ιιαι
534 594 658 663 πολλάς
677 601 745 662 νέας.
772 596 867 656 τοῦτον
884 618 920 655 ων

117 686 196 741 δοκέω
212 681 259 741 τὸν
279 679 364 758 ανδρα
381 678 500 752 ποιήσειν
516 680 568 738 τῶν
585 678 620 735 δίν
634 682 783 756 χρηίζωμεν.
829 679 920 738 Ταῦτα

118 763 276 829 ἆιιοάσαντες
303 766 330 822 οἱ
358 762 456 829 Νάξιοι
484 766 659 840 προσέθεσαν
684 762 721 838 τῷ
743 759 919 840 Ἀρισταχάρη

116 844 246 924 πρήσσειν
257 846 290 923 τῇ
304 844 410 906 δάναιτο
425 842 530 923 άριστα,
547 847 591 904 καί
602 843 768 918 ὑπίσχεσθαι
781 845 855 922 δῶρα
868 848 917 905 διέ-

99 936 192 1009 Ιλειιον
211 931 255 988 καί
278 928 399 1002 δαπάνην
420 929 452 1006 τῇ
472 929 581 1006 στρατιῇ
599 927 634 995 ὧς
654 926 729 986 αιἰιοί
747 925 919 996 διαλάσοντες,

117 1016 222 1079 ἐλπίδας
234 1011 331 1079 πολλάς
345 1015 452 1086 ἔχοντες,
472 1009 536 1070 ὅταν
549 1015 706 1111 ἐπιφανέωσι
719 1017 744 1076 ἐς
756 1007 803 1083 τήν
818 1009 919 1078 Νάξον,

117 1094 206 1153 πάντα
218 1093 337 1167 ποιήσειν
350 1093 410 1160 τοίις
426 1098 544 1161 Ναξίους
556 1092 590 1152 τὰ
605 1091 637 1151 δίν
651 1091 727 1152 αίιτοι
716 1091 908 1162 κελεύωσι,
885 1115 921 1160 ως

118 1181 146 1235 δέ
163 1181 207 1236 καί
223 1175 284 1245 τοίις
303 1175 394 1243 άλλους
411 1174 552 1248 νησιώτας·
577 1177 629 1235 τῶν
646 1174 699 1254 γάρ
712 1174 799 1248 νήσων
810 1179 920 1236 τουτέων

118 1261 169 1319 τῶν
180 1257 327 1321 Κυκλάδων
340 1257 448 1338 οδδεμία
460 1284 497 1319 ιιω
508 1283 541 1334 ην
552 1284 605 1321 απο
593 1257 729 1338 Λαρείω.

181 1351 221 1403 31.
243 1341 409 1422 ’Λπιιιάμενος
430 1342 494 1404 δέ
481 1369 496 1403 ο
509 1342 698 1423 Αρισταχορης
716 1349 742 1410 ές
758 1340 806 1409 τάς
823 1340 923 1420 Σάρδις

117 1432 183 1504 λέχει
197 1425 264 1504 πρὸς
281 1425 329 1488 τὸν
337 1427 513 1506 Ἀρταφερνεα
530 1427 565 1495 ὥς
581 1424 717 1495 Νάξος
690 1450 729 1499 ειη
745 1427 825 1498 νήσος
838 1423 924 1533 μεγά-

118 1517 168 1569 δεῖ
182 1515 228 1587 μέν
247 1534 280 1569 ου
267 1509 405 1610 μεγάλη,
433 1508 513 1577 άλλως
531 1513 560 1571 δέ
575 1508 640 1581 ιιαλή
657 1532 685 1568 τε
701 1511 745 1566 ιιαλ
763 1507 860 1586 άχαθή
877 1511 924 1566 καί

118 1592 205 1677 ἆχχου
218 1590 326 1663 Ἰωνίης,
350 1589 474 1669 χρήματα
492 1594 521 1651 δέ
537 1594 574 1652 ἔνι
590 1589 675 1649 πολλά
696 1615 740 1649 ιιαι
730 1589 922 1690 άνδράποδα

119 1674 159 1736 Σίν
172 1697 209 1733 ων
222 1677 264 1732 ἐπί
277 1671 373 1746 ταέπην
390 1671 437 1746 τήν
450 1672 539 1752 χώρην
555 1669 740 1750 στρατηλάτεε,
761 1669 925 1773 ιιατάχωνές

118 1755 199 1830 αδτήν
210 1755 272 1823 τοίις
278 1755 405 1834 φυγάδας
418 1763 445 1825 ἐξ
457 1755 543 1830 αι’πής.
570 1760 616 1815 καί
631 1779 673 1815 τοι
683 1756 768 1815 ταῦτα
781 1754 926 1829 ποιήσαντι

118 1865 196 1902 τουτο
209 1845 282 1918 μέν’
269 1864 324 1900 εστι
336 1845 427 1918 ἑτοῖμα
440 1864 497 1920 παρ
496 1837 578 1919 ’έμοί
588 1837 711 1918 χρήματα
722 1836 824 1916 μεχάλα
836 1845 925 1917 παρὲξ

118 1925 170 1983 τῶν
188 1922 405 2000 ἀναισιμωμάτων
420 1926 453 2002 τῇ
472 1925 581 2002 στρατιῇ
599 1923 695 1995 (ταῦτα
707 1924 754 2000 μίν
765 1921 819 2001 χάρ
833 1925 924 1982 δίκαια

117 2007 198 2084 ήμέας
210 2003 273 2075 τοὺς
286 2003 401 2084 άχονιας
413 2012 561 2084 παρέχειν),
586 2005 664 2066 τοῦτο
682 2009 710 2065 δέ
725 2003 821 2079 νήσους
833 2030 922 2085 προσ.

117 2088 225 2166 ατήσεαι
235 2091 340 2166 βασιλέί
356 2088 437 2162 αιίτήν
453 2114 482 2149 τε
498 2088 592 2157 Νάξον
608 2093 653 2148 ναὶ
665 2088 713 2156 τάς
726 2095 753 2147 ἐκ
765 2087 860 2162 ταάτης
872 2087 922 2166 ἦρ·

118 2178 238 2251 τημένας,
264 2171 361 2251 Πάρον
378 2175 422 2231 καί
435 2171 543 2251 ’Ἀνδρον
559 2176 605 2232 καὶ
623 2170 702 2239 άλλας
716 2170 764 2239 τὰς
780 2169 923 2239 Κυκλάδας

118 2261 281 2335 καλευμένας.
305 2255 429 2315 ένθεέπεν
450 2259 479 2315 δέ
500 2255 659 2335 ὅρμεοίμενος
680 2252 803 2322 εδπειέως
821 2254 921 2328 ἐπιδή-

119 2365 179 2400 σεαι
191 2339 302 2418 Εὗβοίη,
321 2337 393 2416 νήσῳ
405 2338 513 2443 μεχάλη
518 2364 547 2399 τε
559 2365 603 2399 ναι
594 2337 759 2416 εδδαίμονι,
781 2337 828 2399 οὖν
841 2335 921 2420 ἐλάσ-

120 2447 178 2483 σονι
195 2422 309 2502 Κάπρου
325 2425 371 2482 καί
387 2422 470 2502 κάρτα
488 2422 589 2483 είπιετέι
605 2422 755 2500 αἱρεθῆναι
783 2420 924 2524 άποχρῶσι

119 2510 147 2565 δέ
159 2506 291 2566 ένατὸν’
263 2531 316 2574 νεες
328 2504 426 2573 ταάτας
438 2505 530 2574 πάσας
541 2503 733 2584 χειρώσασθαι.
758 2505 788 2565 ‘0
806 2508 834 2563 δέ
848 2501 922 2582 ἇμεί·

115 2589 226 2661 βειο’
195 2588 276 2649 αυτὸν
289 2593 388 2649 τοῖσδε·
410 2589 451 2649 Σίι
469 2598 494 2657 ές
512 2588 584 2650 οἶνον
600 2587 647 2649 τὸν
665 2590 783 2691 βασιλέος
799 2587 924 2664 ίξηχητίχς

54 2674 190 2800 ,Q
209 2672 379 2752 wflde
401 2670 534 2754 ἇχαθάιν,
559 2675 605 2734 καὶ
624 2696 710 2732 ταυτα
725 2695 755 2731 ευ
774 2675 923 2748 παραινέεις
942 2748 946 2755 Ι
