1942 3286
102 149 181 221 ‘166
427 148 629 195 HERODOTI

132 261 263 328 Μίλητον,
292 250 373 312 a6to6
392 251 515 310 Ἱστιαίου
538 255 683 323 δεηθέντος.
711 253 736 311 οἳ
759 254 786 309 δέ
807 248 935 324 Μιλησιοι

133 337 241 439 ἅσμενοι
268 334 481 409 ἀπαλλαχθέντες
511 336 555 391 καί
575 332 781 410 Ἀρισταγόρεω,
808 332 936 434 οὐδαμῶς

132 420 272 520 πρόθυμοι
285 441 355 491 ησαν
373 416 458 475 ίῖλλον
467 414 592 493 τύραννον
607 420 764 475 δέκεσθαι’
751 440 776 482 ες
788 414 834 488 την
845 416 935 516 χώρην

132 502 175 562 οἱοὶ
189 527 216 561 τε
223 505 376 579 ελευθερίης
389 495 550 598 νευσόμενοι.
576 524 620 556 και
611 497 669 571 δὴ
688 496 789 569 (νυκτός
805 497 859 576 μὰρ
873 498 931 558 ἐσό-

132 610 180 659 σης
199 587 280 686 βίῃ’
267 584 387 660 επειρᾶτο
408 579 503 639 κατιὼν
524 579 539 638 6
555 580 708 647 Ἱστιαῖος’
695 605 720 647 ες
736 579 782 654 τὴν
800 587 932 654 Μίλητον)

39 712 43 719 ,
131 667 298 745 τιτρώσκεται
317 664 364 724 τόν
385 661 468 741 μηρόν
484 661 537 722 ὖπό
555 688 598 722 τεο
615 665 667 722 τῶν
685 667 828 768 Μιλησίων.
858 663 933 739 ὁμέν

132 748 196 822 δὴ
177 774 211 816 ως
224 746 347 814 ίιπωστός
359 749 403 819 τῆς
415 747 553 806 ἔσπευδ’
523 770 628 822 μινεται,
647 744 794 804 ἀπικνέεται
808 744 893 804 ὀπίσω
907 751 934 813 ἐς

131 832 177 904 τὴν
190 834 270 890 Χίον·
292 832 415 889 ἐνθεῦτεν
429 829 512 897 δέ,
483 854 515 888 ου
526 827 579 906 μὰρ
593 833 686 888 ἔπειθε
697 827 757 894 τοὺς
770 827 886 894 Χίους“
866 851 934 887 ωστε

130 909 213 984 ἑωυτῷ
234 909 371 967 δουναι’
343 932 413 978 νεας,
431 912 500 986 διέβη
522 913 547 974 ἐς
564 904 711 978 Μυτιλήνην
721 906 765 963 καί
777 907 864 963 ἔπεισε
875 912 930 962 Λε-

131 966 221 1067 σβίσός
233 993 364 1051 δοδναί
337 1017 363 1050 οι
374 995 441 1058 νέας.
463 1016 489 1050 οι
479 993 530 1048 δέ
541 985 749 1065 πληρώσαντες’
734 986 800 1046 σκτώ
812 985 933 1065 τριήρεας

129 1071 250 1130 ἔπλεον
234 1096 288 1146 αμα
299 1070 411 1145 Ἱστιαίῳ
429 1076 454 1135 ἐς
466 1068 621 1138 Βυζάντιον,
645 1071 765 1128 ἐνθαῦτα
779 1073 806 1128 δέ
820 1070 933 1145 ἱζόμενοι

128 1152 175 1219 τὰς
193 1161 220 1211 ἐκ
236 1154 284 1213 106
303 1151 409 1212 Πόντου
431 1149 597 1219 έκπίωοόσας
618 1153 669 1210 τεόν
690 1153 754 1211 νεῶν
775 1151 930 1229 ἐλάμβανον,

128 1233 226 1310 πλην
208 1260 225 1309 η
240 1233 300 1296 ὅσοι
313 1233 398 1295 αὐτῶν
409 1232 550 1312 Ἱστιαίηι”
535 1258 638 1310 εφασαν
650 1239 748 1314 ἕτοιμοι
761 1232 827 1337 ειναι
840 1239 929 1296 πείσε·

130 1327 208 1378 σθαι,

192 1412 215 1462 6.
234 1400 356 1469 Ἱστιαῖος
367 1407 413 1480 μέν
425 1427 471 1463 νυν
483 1429 528 1464 και
518 1407 733 1479 Μυτιληναῖσι’
720 1410 821 1467 εποίευν
831 1408 930 1466 ταῦτα

129 1487 171 1542 ἐπί
193 1487 276 1544 δέΜ
242 1489 360 1557 Μίλητον
382 1485 462 1558 αὐτὴν
483 1487 601 1553 ναυτικὸς
622 1488 716 1555 πολλὸς
734 1492 778 1547 καὶ
799 1480 917 1558 πεζὸς
899 1511 931 1562 ην

82 1639 84 1641 ‚
129 1565 243 1643 στρατός
256 1565 443 1642 προσδόκιμος·
466 1573 655 1644 συστραφέντες
670 1570 723 1646 μὰρ
742 1596 767 1630 οι
759 1568 949 1672 ’στρατηγοί

47 2764 96 2784 μ’,

128 1651 181 1706 τῶν
198 1652 322 1725 Περαίων
339 1650 384 1706 καί
399 1649 427 1706 ’έν
443 1671 599 1722 ποιησαντες
621 1651 799 1727 στρατόπεδον
816 1651 930 1725 η’λαυνον

129 1733 171 1790 ἐπί
188 1730 235 1832 τίμ
252 1729 382 1803 Μίλητον,
408 1729 443 1789 τό
461 1728 526 1790 δι’λία
542 1736 692 1808 πολίσματα
709 1759 769 1812 περι
760 1735 930 1804 ἐλάσσονος

129 1812 308 1892 ποιησόμενοι.
334 1838 382 1873 του
368 1814 428 1873 δέ
442 1816 563 1875 ναυτικοῦ
584 1819 698 1884 Φοίνικες
714 1823 760 1894 μὲν
777 1808 848 1909 ἦσαν
861 1843 928 1898 προ-

129 1896 293 1975 θομότατοι,
301 1896 534 1975 συνεστρατεύοντο
546 1901 574 1957 δέ
590 1902 635 1957 καί
646 1899 762 1979 Κιίπριοι
774 1900 867 1962 νεωστί
879 1928 928 1962 κα-

129 1987 314 2059 τεσιραμμὲνοι
327 2005 372 2038 και
363 1983 486 2048 Κίλικές
498 2007 526 2042 τε
538 2006 582 2040 και
573 1981 741 2060 Αίγύπτιοι.

192 2073 216 2122 7.
243 2068 275 2124 Οί
286 2069 332 2141 μέν
343 2061 375 2137 δη
389 2063 469 2123 ἐπί
443 2088 490 2138 την
498 2069 616 2138 Μίλητον
628 2069 672 2125 καί
685 2066 733 2139 τὴν
745 2065 842 2143 ίίλίην
839 2073 930 2145 Ιωνίηκ

130 2146 295 2223 ἐστράτευον·
322 2145 404 2214 Ἴωνες
424 2150 464 2216 δέ,
490 2147 688 2226 πυνθανόμενοι
707 2152 790 2211 ταῦτα
812 2155 929 2259 ἔπεμπον

129 2228 292 2308 προβούλους
310 2234 396 2305 σφέων
419 2228 504 2289 αιἰτῶν
525 2239 550 2299 ἐς
567 2231 722 2293 Πανιώνιον.
751 2233 929 2313 ἀπικομένοισι

130 2316 158 2372 δέ
184 2311 300 2374 τοότοισι
327 2320 352 2380 ἐς
371 2313 464 2372 τοῦτον
485 2313 533 2374 τὸν
551 2316 638 2393 χῶρον
658 2341 702 2375 και
693 2319 929 2396 βουλευομένοισι

130 2398 201 2463 ἔδοξε
214 2395 292 2468 πεζόν
303 2400 350 2473 μέν
364 2393 477 2474 στρατόν
489 2397 524 2475 μὴ
537 2404 665 2499 συλλέγειν
673 2399 928 2480 τίνα’ξοονΠέρσησι,

130 2477 236 2537 ἀλλὰ
208 2505 240 2538 τα
255 2483 339 2553 τείχεα
353 2478 516 2558 66066'
485 2479 580 2548 αυτοδς
593 2487 750 2556 Μιλησίους,
772 2483 803 2544 τό
823 2488 852 2545 δέ
864 2509 927 2544 ναυ-

128 2560 199 2620 τικὸν
210 2564 325 2640 πληρουν
337 2561 552 2665 ὑπολειπομένους
562 2567 735 2670 μηδεμιάν
700 2591 752 2625 των
763 2568 839 2638 νεῶν,
861 2574 927 2641 πλη-

112 2641 261 2716 ρώσαντας
274 2649 304 2707 δέ
317 2645 537 2744 συλλέγεσθαι
512 2670 558 2722 την
570 2652 694 2723 ταχίστην
707 2657 732 2719 ἐς
745 2650 847 2744 Λάδην,
859 2671 927 2731 προ·
