1942 3286
86 127 135 177 124
383 129 586 176 HERODOTI

83 259 112 293 τε
126 236 219 302 έπεισι,
241 231 288 300 τοίς
305 231 451 300 διεξελάσαι
468 233 551 291 πᾶσα
563 230 662 310 ἀνάγκη
676 235 720 290 καὶ
734 231 802 294 ούτω
817 238 882 294 διεκ-

83 318 166 394 περᾶν
183 315 230 375 τόν
250 316 383 392 ποταμὸν,
410 319 454 374 καί
472 315 643 393 φυλακτήριον
660 321 727 393 μέγα
746 315 788 374 ἐπ’
805 316 883 396 αύτῷ.

72 396 204 475 διαβάντι
219 401 247 456 δέ
264 405 289 466 ές
301 398 348 471 τήν
361 401 556 470 Καππαδοκίην
568 401 612 456 καί
624 397 705 474 ταύτῃ
719 406 884 478 πορευομένῳ
931 464 932 467 ,

80 488 155 560 μέχρι
175 478 259 558 σύρων
279 482 330 539 τῶν
350 485 470 542 Κιλικίων
492 483 614 556 σταθμοὶ
632 482 700 539 δυῶν
718 484 815 549 δέοντές
834 485 885 543 εἰσί

81 562 231 641 τριήκοντα,
253 561 429 641 παρασάγγαι
446 565 474 620 δέ
489 566 608 640 τέσσερες
619 565 663 620 καὶ
675 562 778 622 ἑκατόν·
800 569 843 623 έπῖ
857 569 885 625 δέ

81 655 152 707 τοῖσι
168 645 266 706 τούτων
284 644 386 722 ούροισι
403 642 476 712 διξάς
492 668 520 703 τε
538 643 621 710 πύλας
639 646 749 722 διεξελᾷς
767 649 811 705 καί
825 647 884 716 διξέι

81 727 242 806 φυλακτήρια
263 731 457 805 παραμείψεαι·
488 727 573 787 ταῶτα
594 731 622 785 δέ
644 726 819 795 διεξελάσαντι
840 734 885 790 καί

81 812 169 872 διὰ
139 836 184 885 της
192 814 305 883 Κιλικίης
319 810 382 870 ὁδὸν
395 815 536 918 ποιευμένην
547 834 614 888 τρεις
627 811 678 868 εἶσι
669 813 818 889 σταθμοὶ,
827 837 881 872 πα-

79 893 219 1002 ροσύγγαι
231 897 259 952 δέ
271 897 452 952 πεντεκαίδεκα
465 895 509 952 καὶ
520 892 607 969 ήμισυ.
633 883 712 1000 μέρος
727 897 755 953 δέ
768 901 883 969 Κιλικίης

17 1003 22 1010 ·
79 980 125 1036 και
137 978 183 1050 τής
191 975 345 1054 Ἀρμενίης’
331 979 386 1037 εστὶ
399 972 517 1053 ποταμὸς
531 981 760 1082 νηυσιπέρητος,
730 978 766 1035 τῶ
780 975 883 1058 οένομα

80 1058 227 1136 Εύφρήτης.
256 1067 282 1118 έν
296 1061 367 1118 δέ
336 1085 368 1136 τη
376 1057 493 1160 Ἀρμενίη
507 1062 628 1138 σταθμοι
640 1065 728 1137 μέν
698 1061 749 1119 εἰσι
760 1085 880 1138 κατογω·

80 1148 147 1220 γέων
159 1145 353 1211 πεντεκαίδεκα,
380 1140 556 1244 πμρασέγγαι
574 1146 601 1202 δέ
617 1143 645 1211 ἓξ
661 1145 706 1201 καί
722 1142 884 1217 πεντήκοντα

80 1228 126 1284 καὶ
138 1222 225 1301 ήμισυ,
239 1249 283 1283 και
274 1223 468 1303 φυλακτήριον
481 1223 552 1284 ἐν’
520 1232 631 1286 αυτοῒσλ
649 1247 766 1304 ποταμοι
756 1229 806 1286 δέ
820 1251 881 1301 rm!-

81 1313 216 1386 σιπέρητοι
227 1313 346 1387 τέσσερες
358 1308 402 1368 διὰ
414 1307 509 1383 ταύτης
522 1313 622 1388 ῥέουσι,
647 1306 708 1376 τούς
722 1310 800 1369 πῶσα
815 1308 882 1369 ἇνέ·

80 1415 131 1468 γκη
151 1394 368 1470 διαπορθμεύσαί
384 1401 450 1463 ἐστι,
471 1393 575 1471 πρῶτος
589 1397 637 1470 μέν
656 1397 754 1470 Ίίγρις,
774 1392 841 1471 μετὰ
855 1397 885 1453 δέ

16 1487 24 1497 ‘
82 1473 202 1553 δεύτερός
215 1499 243 1535 τε
256 1479 300 1534 καί
311 1481 395 1553 τρίτος
408 1474 489 1543 ῶυτὸς
501 1473 718 1552 ούνομαζόμενος,
741 1473 788 1535 ούκ
801 1474 884 1544 ὡυτὸς

81 1555 132 1615 ἐῶν
148 1557 267 1635 ποταμὸς
281 1556 340 1617 ούδέ
354 1565 380 1616 έν
392 1559 441 1617 τού
454 1555 536 1615 αύτοῶ
552 1561 627 1635 ῥέειν·
648 1557 663 1616 ὃ
679 1561 727 1633 μέν
743 1555 796 1634 γίιρ
813 1557 883 1636 πρύ-

80 1663 155 1718 τερος
169 1638 254 1697 αύτῶν
267 1642 437 1714 καταλεχθεὶς
455 1637 627 1716 έξἈρμενίων
643 1643 706 1718 ῥέει,
729 1638 744 1699 ὅ
764 1642 791 1698 δέ
805 1637 883 1700 λέστε-

80 1744 129 1800 ρον
142 1728 169 1778 ἐκ
182 1723 338 1791 Ματιηνῶν·
361 1721 375 1779 ὅ
393 1725 421 1776 δέ
438 1726 558 1794 τέταρτος
575 1722 626 1775 τῶν
643 1721 769 1794 ποταμῶν
783 1719 884 1800 ούνομα

80 1805 133 1878 ἔχει
146 1800 259 1876 Γύνδης,
280 1798 327 1860 τὸν
344 1800 434 1879 Κύρος
452 1799 552 1875 διέλαβέ
566 1823 624 1860 κοτε
642 1807 666 1868 ές
684 1798 810 1880 διῶρυχας
823 1805 881 1878 ἑξή-

16 1896 18 1900 ’
79 1909 160 1945 κοντα
173 1888 218 1944 καὶ
230 1889 384 1963 τριηκοσίας.
404 1891 431 1942 έκ
444 1886 472 1942 δέ
483 1881 578 1957 ταύτης
590 1884 635 1958 τῆς
644 1882 773 1962 Ἀρμενίης
787 1888 881 1964 έσβέλ-
896 1924 898 1928 -

80 1976 151 2029 λοντι
168 1975 193 2037 ές
210 1967 257 2042 τήν
273 1965 413 2042 Ματιηνήν
429 1968 480 2044 γήν
497 1971 620 2044 σταθμοί
636 1968 686 2027 εἶσι
704 1973 828 2047 τέσσερες.
856 1977 883 2030 ἐκ

81 2055 110 2110 δέ
130 2050 226 2125 ταύτης
248 2059 273 2119 ές
294 2050 341 2124 τήν
358 2055 473 2123 Κισσίην
487 2050 575 2129 χώρην
595 2053 777 2160 μεταβαίνοντι
793 2055 884 2112 ἕνδεκα

82 2137 217 2235 σταθμοί,
242 2132 418 2212 παρασάγγαι
444 2135 472 2192 δέ
493 2134 540 2194 δύο
562 2138 606 2193 καί
627 2132 818 2212 τεσσεράκοντα
839 2139 884 2195 καί

80 2216 163 2293 ήμισύ
185 2224 239 2277 έστι
261 2220 303 2276 έπλ
319 2215 442 2302 ποταμόν
459 2213 608 2319 Χοάρπην,
634 2215 712 2276 έόντα
728 2221 773 2277 καί
789 2243 884 2279 τουτον

80 2306 274 2401 νημσιπέρητον,
297 2298 374 2360 ἐπ”
356 2326 377 2377 ῳ
390 2300 485 2359 Σουσα
497 2298 572 2368 πόλις
583 2298 746 2402 πεπόλισται
772 2294 845 2362 οὗτοι
859 2305 884 2363 οἱ

82 2382 177 2451 πάντες
191 2384 349 2461 σταθμοί’
327 2407 376 2442 εισι
389 2385 478 2443 ἕνδεκα
490 2386 535 2442 καί
547 2382 646 2442 ἑκατόν.
673 2388 827 2463 καταγωγαί
838 2391 883 2464 μέν

80 2489 127 2524 νυν
140 2468 272 2547 σταθμῶν
284 2467 448 2527 τοσαύταί’
425 2490 476 2526 εισι
493 2473 520 2524 ἐκ
532 2469 653 2546 Σαρδίων
670 2472 695 2534 ές
708 2467 831 2529 Σούσα’
816 2492 881 2529 ανα-

82 2550 205 2623 βαίνοντι,

133 2640 173 2691 «53,
201 2633 241 2693 Εἰ
262 2635 294 2694 δέ
314 2631 409 2715 ὀρθῶς
430 2638 585 2717 μεμέτρηται
605 2631 624 2711 ἦ
645 2633 705 2704 ὁδὸς
725 2635 745 2708 ἦ
765 2637 883 2712 dwarf&
