1942 3286
156 505 189 543 1v
297 538 299 543 .
468 504 651 544 summania.

159 590 239 635 Sicilia
254 592 375 636 interierat
390 603 410 634 e.
421 593 448 634 33
457 612 486 624 ·-
495 593 530 634 11.
559 589 607 639 Sed
620 603 687 646 quum
696 605 739 636 nee
748 591 865 638 Cleomeni

157 663 227 717 liquis
237 662 370 719 Spartanis,
385 662 475 706 auxilia
488 666 514 705 ut
526 662 656 714 mitterent,
666 663 813 719 Aristagoras
821 680 864 723 per

156 739 237 792 posset
250 749 269 778 e.
283 738 310 779 4⁹
324 758 353 768 —
368 740 402 778 54.
415 733 519 777 Athenas
533 748 558 778 se
572 735 679 788 eontulit,
694 737 773 793 paullo
787 741 840 783 ente
854 741 865 782 i

155 812 227 852 tatem
239 797 368 851 vindicatas
382 820 396 849 a
405 808 605 858 Lacedaemoniis,
621 810 660 862 qui
673 810 751 854 faeere
764 811 789 854 id
802 812 858 857 iussi

155 879 252 933 Pythia,
269 880 307 923 eui
315 882 342 922 ut
350 878 393 924 hoe
401 879 450 922 illis
460 880 596 934 imperaret,
605 877 783 925 Alomeeonidae
793 883 865 939 expnl

155 953 280 996 sistratidis
293 953 456 1008 persuaserant
469 964 488 994 e.
498 953 564 994 hd·-
572 953 608 994 85.
622 948 671 994 Sed
682 950 848 1006 Athenienses,
862 972 865 995 u

155 1025 270 1075 sthenem,
280 1022 400 1081 popularis
413 1022 523 1066 factionis
531 1022 667 1079 prinoipem,
678 1023 706 1067 ab
717 1023 814 1081 Isagora
827 1027 865 1070 ads

153 1097 386 1141 Lacedaemoniorum
399 1109 443 1152 ope
457 1093 580 1152 expulsum
592 1099 765 1147 revooaverant,
783 1112 851 1154 quum

154 1170 262 1213 densibus
276 1171 300 1213 et
313 1169 433 1213 Thebanis
445 1169 515 1212 vietis
527 1182 547 1213 e
562 1172 629 1214 63-
637 1174 671 1216 at.
680 1168 805 1223 Aeginetas
821 1170 865 1215 etis

154 1242 182 1285 ob
195 1245 262 1286 vetus
271 1241 445 1286 Atheniensium
459 1242 536 1287 odium
550 1256 601 1287 eum
614 1242 733 1288 Thebanis
746 1255 773 1288 sa
786 1243 865 1289 eonlua

153 1314 248 1366 aggredi
261 1317 382 1370 pararent,
393 1313 557 1371 Spartanorum
567 1314 679 1359 machinis
688 1316 795 1372 impediti
804 1319 857 1360 suat

153 1388 189 1430 90.
218 1387 251 1429 Hi
259 1388 320 1430 enim
329 1400 358 1430 ne
363 1386 467 1432 Athenae
477 1387 585 1431 libertate
595 1387 705 1431 florentes
712 1389 755 1432 sihi
760 1391 865 1444 pernicie

153 1461 207 1503 rent
218 1459 287 1502 veriti
296 1459 417 1516 Hippiam,
428 1460 547 1504 Pisistrati
555 1457 639 1509 tilium,
652 1457 722 1511 sigeo
736 1461 865 1503 aroessitum

154 1531 272 1575 renuidem
282 1533 403 1576 restituere
414 1533 555 1586 cogitabant:
570 1531 606 1575 eui
616 1529 712 1574 oonsilio
719 1528 865 1577 Sosialescor

156 1617 181 1647 se
191 1604 311 1661 opposuit,
325 1605 502 1648 assentientibus
515 1602 612 1658 reliquis
624 1602 693 1645 soriis
703 1616 722 1646 e.
732 1605 842 1649 31-33.
857 1607 865 1648 i

153 1676 225 1730 igitur
238 1675 331 1730 Sigeum
347 1690 453 1722 reuersus
469 1690 489 1720 e.
502 1678 545 1725 31,
555 1676 591 1718 35.
605 1673 728 1719 Persarum
745 1677 826 1721 ambiit
839 1690 865 1720 au

156 1749 204 1800 Quo
222 1751 303 1793 audito
320 1749 473 1794 Athenienses
491 1746 581 1800 legatos
598 1747 685 1792 Sardes
702 1750 824 1802 miserunt,
842 1764 865 1807 ps

155 1835 223 1878 quum
236 1821 395 1879 Artapheraes
410 1835 450 1867 ees
464 1821 575 1877 Hippiam
588 1823 710 1868 restituere
722 1824 825 1875 iuberet,
842 1824 865 1866 ia

155 1907 231 1938 sarum
244 1896 330 1939 inimici
343 1908 394 1940 esse
403 1894 540 1939 uidebantur
549 1907 569 1938 e.
578 1898 614 1938 33.
630 1897 706 1944 Quare
715 1896 862 1949 Aristagoras

154 1966 226 2013 iaeile
247 1968 375 2025 persuasit,
393 1970 420 2010 at
437 1964 534 2010 elassem
551 1967 634 2020 viginti
651 1969 743 2012 navium
756 1969 849 2012 Iunihua

154 2041 285 2094 mitterent,
300 2042 336 2085 eui
346 2041 443 2097 quinque
453 2039 557 2082 triremes
572 2041 728 2084 adiunxerant
736 2040 865 2084 Eretriense

155 2117 191 2160 38.
207 2115 293 2166 Quibus
306 2111 402 2157 auxiliis
414 2113 485 2155 iuneti
495 2111 564 2156 Iones
574 2113 659 2157 Sardes
672 2117 766 2170 praeter
780 2127 855 2158 arcem

155 2187 304 2241 incendioque
313 2184 403 2235 delent;
413 2184 454 2227 sed
459 2183 544 2227 Persae
550 2187 692 2236 recedentes,
698 2201 738 2231 eos
744 2188 831 2231 domum
836 2200 865 2230 re

156 2273 230 2317 prope
238 2257 356 2316 Ephesum
366 2257 449 2306 adorti,
457 2257 577 2300 uictoriam
586 2257 698 2311 insignem
707 2262 855 2315 reportarunt

156 2336 205 2377 ¹0².
218 2332 277 2375 Inde
286 2331 365 2380 Iones,
379 2330 424 2374 etsi
432 2329 585 2373 Athenienses
600 2331 688 2374 domum
697 2332 827 2383 redierant,
840 2333 864 2375 ni

155 2404 205 2448 eius
217 2404 242 2448 in
254 2402 316 2448 hello
331 2406 505 2459 perseverantes
518 2404 653 2456 Byzantium
668 2407 801 2459 ceterasque
811 2403 865 2448 Heli

154 2477 223 2521 urbes
236 2480 381 2532 expugnant,
395 2480 419 2520 et
428 2488 532 2530 magnam
542 2478 611 2519 etiam
621 2476 702 2521 Cariae
713 2481 804 2534 partem
814 2476 864 2532 cyp

156 2550 201 2594 sihi
215 2549 341 2603 adiungunt
356 2564 375 2594 e.
387 2553 435 2600 103,
446 2553 493 2592 101.
508 2561 550 2603 quo
565 2552 668 2607 tempore
684 2551 712 2595 de
727 2551 856 2595 defectione

156 2623 186 2666 ad
196 2623 292 2667 Parium
300 2625 338 2667 est
347 2622 439 2674 allatus,
450 2623 488 2677 qui
493 2623 621 2668 Histiaeum
630 2625 660 2668 ad
670 2623 865 2669 sedandaslonias

157 2695 244 2739 dimisit
257 2709 276 2738 e.
288 2701 328 2741 1⁰5
337 2721 366 2732 —
376 2702 424 2743 101.
438 2698 562 2742 Persarum
572 2702 649 2743 autem
659 2699 739 2749 duees,
751 2698 841 2754 cypro,
852 2694 865 2737 ί

155 2768 304 2827 Hellesponti
312 2773 404 2816 orbitus
413 2773 521 2829 receptis,
530 2770 619 2817 Ioniam
633 2775 658 2816 et
666 2771 786 2816 Aeolidem
794 2771 865 2814 invasu

154 2848 196 2889 1⁰8
204 2867 234 2878 —
244 2849 292 2889 113.
301 2846 361 2891 unde
370 2846 516 2901 Aristagoras
526 2846 554 2890 de
562 2846 634 2890 rebus
643 2845 690 2889 suis
700 2845 826 2900 desperans
830 2842 865 2896 hig

153 2932 179 2964 se
189 2918 297 2972 eontulit,
305 2920 367 2965 unde
374 2934 424 2966 eum
433 2921 538 2966 exereitu
547 2932 652 2975 egressus
661 2931 676 2962 a
685 2917 815 2963 Thraeibns
824 2928 865 2963 oue
