1942 3286
282 282 286 296 l
496 302 498 306 .
660 281 663 284 '
754 292 757 297 ,
830 290 835 295 .
855 25 924 305 ..ΙΙ

465 340 473 357 x
654 336 659 362 Ι.

808 378 828 401 ι.

85 431 135 484 ιυυ
195 402 198 406 ’
388 402 612 507 ιιιιεοιιοτι
657 422 661 431 “

84 541 136 599 τῶν
155 535 253 604 ἇστολν,
274 537 319 594 καί
336 519 461 602 Πυθίους
478 536 618 611 αίρήεσθαι
635 529 683 592 δύο
700 531 834 612 έκύτερον·
862 535 888 595 σί

18 608 22 623 ’
85 625 113 681 δὲ
127 619 234 679 Πόθιοί
246 620 297 676 εἶσι
309 617 462 695 θεοπρόποι
475 624 500 683 ἐς
513 613 642 690 Δελφούς,
666 614 810 694 σιτεόμενοι
820 614 887 693 μετδι

84 705 136 763 τῶν
154 704 279 777 βασιλέων
294 699 328 759 τό
347 699 467 777 δημόσια.
494 697 530 775 μή
546 699 658 758 έλθούσι
675 701 703 757 δι’
718 706 788 758 τοῖσι
798 701 884 774 ’βασι-

85 788 158 846 λεύσι
179 786 222 842 ἐπὶ
242 781 273 843 τό
285 786 399 841 δεῖπνον
419 781 631 857 ἀποπέμπεσθαί
652 805 700 856 σφι
717 787 743 850 ές
764 780 799 840 τό
818 783 886 842 σῖκία

87 868 199 942 ἀλφίτων
210 889 238 926 τε
252 863 300 924 δύο
310 869 424 938 χοίνικας
435 867 544 939 ἑκατέρῳ
554 865 600 922 καί
613 869 685 955 οἴνου
698 862 813 937 κοτύλην,
829 888 884 925 πα-

86 951 177 1028 ρεούσι
198 952 226 1007 δέ
246 947 367 1020 διπλήσια
385 944 475 1005 πάντα
493 949 636 1005 δίδοσθαι
662 944 744 1022 τώυτό
763 949 794 1005 δέ
807 949 886 1009 τούτο

85 1036 130 1091 καὶ
142 1029 209 1109 πρὸς
221 1031 337 1089 ἰδιωτέων
348 1034 491 1105 κληθέντας
504 1032 546 1089 ἐπι
560 1031 663 1087 δειπνον
674 1019 816 1105 τιμασθαι.
840 1031 887 1097 τός

87 1118 114 1174 δέ
125 1115 250 1191 μαντηίας
262 1111 314 1179 τὰς
322 1116 458 1190 γινομένας
470 1109 577 1178 τούτους
591 1108 758 1184 φυλάσσειν,
773 1115 885 1172 συνειδέ·
896 1132 904 1149 “

86 1221 131 1255 ναι
144 1199 172 1255 δέ
185 1220 228 1254 και
241 1193 302 1262 τοὺς
316 1199 447 1261 Πυθίους.
476 1193 584 1263 δικάζειν
596 1196 624 1251 δέ
636 1191 747 1269 μούνους
760 1195 822 1261 τοὺς
834 1197 885 1271 βα-

89 1284 174 1346 σιλέας
186 1277 283 1338 τοσάδε
295 1282 392 1354 μούνα,
413 1274 563 1354 πατρούχου
576 1299 603 1334 τε
616 1281 755 1352 παρθένου
768 1281 841 1355 πέρι,
862 1284 900 1345 ἒς-

71 1360 133 1420 ..τόν
151 1365 257 1419 ἱκνέεται
275 1362 351 1431 ἒγειν,
372 1358 405 1431 ήν
421 1357 507 1434 μήπερ
527 1358 541 1418 ὃ
558 1357 645 1435 πατήρ
668 1357 749 1432 αὐτήν
765 1358 886 1437 ἐγγυήσῃ,

87 1444 131 1501 καί
145 1441 212 1503 ὁδῶν
224 1445 367 1517 δημοσιέων
378 1445 444 1518 πέρι.
471 1444 516 1499 καί
532 1438 564 1513 ήν
581 1465 618 1508 τις
631 1440 714 1500 θετόν
726 1445 811 1500 παῖδα
824 1467 885 1503 ποι-

88 1530 184 1584 έεσθαι
197 1530 275 1600 ἐθέλῃ
279 1567 288 1593 ,
306 1525 432 1600 βασιλέων
444 1528 559 1583 ἐναντίον
571 1528 721 1583 ποιέεσθαι.
749 1528 793 1584 καί
806 1530 886 1604 παρί-

88 1614 138 1678 ζειν
150 1606 302 1684 βουλεύουσι
314 1614 383 1668 τυῖσι
395 1612 513 1685 γέρουσι,
534 1608 607 1667 ίούσι
624 1610 693 1667 δυῶν
710 1610 798 1668 δέουσι
813 1607 885 1686 τριή-

87 1715 174 1760 κοντα,
187 1689 220 1763 ήν
232 1695 259 1749 δέ
269 1689 305 1770 μή
318 1693 424 1760 ἔλθωσι,
438 1689 499 1757 τούς
509 1689 623 1767 μόλιστό
636 1716 684 1766 σφι
697 1693 748 1750 τῶν
759 1690 888 1768 γερόντων

87 1773 269 1851 προσήκοντας
283 1776 348 1847 ἔχειν
364 1773 399 1833 τό
412 1775 463 1832 τῶν
476 1776 600 1848 βασιλέων
612 1779 702 1852 γέρεα,
721 1773 768 1834 δύο
782 1772 888 1852 ψήφους

89 1861 250 1929 τιθεμένους,
264 1860 350 1931 τρίτην
363 1858 391 1914 δέ
403 1854 450 1929 τήν
461 1861 568 1914 ἑωυτῶν.

156 1946 197 1998 58.
231 1939 320 1995 Ταύτα
341 1942 387 2013 μέν
409 1939 471 2005 ζῶσι
492 1945 561 1997 τοῖσι
583 1938 717 2012 βασιλεῦσι
737 1940 888 2000 δίδοταιίκ

89 2020 137 2080 τού
150 2019 238 2079 κοινού
251 2020 305 2077 τῶν
315 2024 504 2097 Σπαρτιητέων,
518 2019 694 2079 ἂπσθανούσι
707 2022 734 2077 δέ
747 2019 824 2080 τόδε·
845 2021 886 2082 ἶν’τι

89 2108 149 2170 πέες
166 2102 420 2204 περιαγγέλλουσι
394 2127 425 2162 το
443 2101 552 2203 γεγονός
569 2102 637 2163 κάτό
654 2103 746 2161 πᾶσαν
764 2103 812 2178 τήν
829 2114 887 2164 Λα-

90 2184 210 2259 κωνικήν,
233 2184 300 2245 κατὰ
318 2185 385 2246 δέ
358 2210 423 2272 την
417 2185 493 2246 πόλιν
504 2193 622 2264 γυναῖκες
635 2210 785 2289 περιιουσαι
797 2189 889 2263 λέβητα

90 2275 232 2346 κροτέουσι.
261 2268 340 2328 έπεόιν
353 2273 389 2329 ὠν
402 2272 479 2330 τούτο
492 2275 596 2347 γένηται
609 2295 725 2339 τοιουτο,
749 2268 850 2371 ἀνάγκη
865 2277 891 2338 ἐξ

92 2355 202 2426 οἰκίης
188 2350 297 2424 εκόστης
314 2358 466 2431 ἐλευθέρους
485 2352 532 2413 δύο
549 2358 784 2452 καταμιαίνεσθαι,
807 2351 890 2431 δένδρα

91 2459 119 2496 τε
134 2460 177 2494 και
168 2439 318 2536 γυναῖκα·
341 2434 377 2513 μή
393 2435 522 2509 ποιήσασι
540 2439 629 2495 δέ
583 2463 660 2497 τουτο
679 2442 763 2514 ζημίαι
779 2436 890 2536 μεγόλριι

92 2524 230 2578 ἐπικέαται.
258 2515 337 2594 νόμος
361 2523 388 2578 δέ
410 2544 484 2579 τοισιν
500 2524 730 2598 Λακεδαιμονίοισι
750 2519 819 2579 κατόι
840 2521 891 2578 τῶν

92 2605 217 2678 βασιλέων
234 2599 295 2668 τοὺς
310 2600 479 2669 θανότους’
466 2606 520 2662 εστὶ
542 2602 623 2671 ὡυτὸς
640 2607 684 2663 καί
701 2612 770 2663 τοῖσι
787 2601 888 2683 βμρβύ

66 2722 70 2726 ·
92 2710 162 2762 ροισι
174 2692 243 2745 τοῖσι
256 2690 282 2742 ἐν
295 2710 328 2763 τγγ
314 2684 421 2793 Ἀρίη
442 2683 558 2764 τῶνγὰρ
572 2692 609 2745 ὠν
621 2687 759 2766 βαρβάρων
772 2689 799 2747 οἱ
811 2686 888 2746 πλεό-

92 2792 133 2834 νες
145 2768 233 2847 τώυτῷ
246 2765 316 2844 νόμω
302 2775 451 2847 χρέωνται
464 2770 531 2829 κατὰ
547 2768 608 2837 τοδς
621 2770 758 2838 θανάτους
775 2770 827 2828 τῶν
841 2771 888 2846 βα-

95 2855 190 2911 σιλέων
217 2821 296 2911 ίπιόν
311 2852 365 2931 γὰρ
384 2850 514 2930 ἇπσθόνη
536 2851 656 2929 βασιλεὺς
672 2857 891 2930 Λακεδαιμονίων,

76 2932 215 3010 ικπιιίσης
230 2939 276 2997 δεῖ
289 2940 502 3018 Λακεδαίμονος,
524 2940 600 3019 χωρὶς
619 2941 811 3016 Σπαρῒιλῐῦὶῖι
834 2935 891 3015 ἅθ’·
911 2986 918 2997 ·
