1942 3286
134 135 181 186 146
426 140 630 187 HERODOTI

133 242 334 310 ἇποκτενίσντας
350 242 382 303 τό
400 248 514 302 παιδίον.
540 241 692 319 ἀπικόμενοι
709 245 737 300 δὲ
756 232 828 302 οὗτοι
846 248 871 309 ἐς
888 241 933 316 τὴν

131 331 236 403 Πίτρην
249 329 294 384 καί
305 325 485 406 παρελθόντες
499 333 523 394 ἐς
536 324 582 403 τὴν
595 324 674 398 αόλίγν
683 322 731 397 τὴν
740 323 877 392 Ἠετίωνος
891 330 932 385 αἴ-

130 432 190 467 τεον
202 407 235 471 τό
247 413 363 469 παιδίον·
381 410 399 482 6
413 413 440 468 δὲ
451 408 548 484 Λάβδα
562 407 645 467 εἰδυῖά
656 432 684 466 τε
697 407 771 466 οῦδὲν
783 409 836 465 τῶν
848 410 932 467 εἵνεκα

130 489 388 561 ἐκεῖνοιιᾶπικοίατο,
414 495 459 551 καί
482 486 610 551 δοκέουοιί
633 512 717 563 σφεας
738 488 932 566 φιλοφροσύνης

130 575 178 634 τοῦ
195 573 297 652 πατρὸς
314 578 405 633 εἵνεκεν
421 573 524 639 αἰτίαιν,
547 575 665 648 φέρουσα
689 574 822 648 ἐνεχείρισε
845 570 931 632 αδτῶν

129 661 173 715 ἑνί
200 681 269 715 τοισι
291 654 359 713 δι’
340 678 456 732 αραε
415 655 456 729 ε’βε
457 653 578 729 βοόλευτο
596 678 645 711 κατ
676 652 786 715 όδόν
760 677 806 714 τον
823 655 930 741 πρῶτον

130 738 216 796 αὐτῶν
236 733 398 812 λαβόνταΙ
372 762 403 796 το
426 741 532 797 παιδίον
553 739 736 814 προσουδίσαι.
764 741 836 795 ἐπεί·
842 761 871 797 τε
893 739 929 796 ὠν

129 823 206 879 ἔδωκε
218 824 337 897 φέρουσα
350 845 367 894 η
356 817 525 897 Λάβδα,
499 843 545 880 τον
557 817 720 894 λαβόντα
685 840 737 878 των
751 816 852 896 ἀνδρῶν
864 824 928 898 θείη

129 901 193 980 τάχη
207 908 385 1013 προσεγέλασε
397 928 428 963 το
417 901 607 972 παιδίον,
563 928 608 961 και
619 901 666 962 τόν
678 905 837 980 φρασθέντα
850 903 928 962 τοότο

74 1002 78 1009 “
129 984 214 1052 οἶκτός
227 1010 264 1053 τις
282 993 349 1061 λσγει
368 985 529 1055 Ιἀποκτεῖναι,
550 989 725 1062 κατοικτείρας
743 987 771 1043 δὲ
785 987 930 1061 παραδιδοῖ

128 1092 164 1144 τῳ
151 1071 298 1145 δευτερῳ,
318 1095 333 1131 ο
322 1069 376 1127 ςδε
388 1093 425 1144 τφ
411 1072 520 1144 “celuy
548 1066 616 1126 οὕτω
627 1071 656 1126 δὲ
669 1069 790 1140 διεξῆλθε
802 1066 847 1125 διά
858 1065 926 1126 πάν-

128 1175 179 1210 των
190 1152 242 1208 τῶν
255 1153 316 1209 δέκα
329 1149 565 1253 παραδιδόμενον,Ι
573 1148 677 1217 οδδενός
690 1152 847 1252 βοολφμθοφ
859 1153 926 1228 διερ·

127 1232 281 1310 γάσασθαι.
311 1225 496 1300 διποδόντες
476 1257 512 1293 οιν
535 1232 620 1293 ὀπίσω
636 1235 668 1310 τῇ
686 1230 796 1310 τεκοόση
814 1231 846 1292 τό
862 1257 926 1291 παι-

127 1320 184 1375 δίον
196 1318 240 1375 ιιαλ
252 1315 401 1384 ἐξελθόντες
414 1319 496 1419 66‘
482 1317 601 1384 εοτεῶτες
614 1320 657 1376 ἐπί
668 1318 720 1376 τόν
732 1320 837 1393 θυρίσιν
851 1313 926 1388 ἄλλά-

127 1398 211 1458 λων“
200 1398 316 1461 άπτοντο
330 1398 538 1476 καταιτιώμενοι,
562 1425 606 1458 και
597 1398 735 1477 μάλιστα
756 1398 804 1457 τοῦ
821 1396 928 1476 πρώτου

126 1481 303 1583 λαβόντρς,”
287 1506 327 1543 οτι
345 1481 392 1543 αι’κι
405 1486 511 1555 ἐποίησε
523 1481 592 1540 κατά
605 1508 639 1541 τα
628 1483 805 1558 δεδογμένα,
828 1480 884 1548 ἐς
868 1506 884 1541 ο
897 1478 927 1552 δη

127 1590 176 1640 σφι
185 1563 285 1642 χρόνου
302 1569 466 1641 ίγγινομίνου
484 1555 609 1630 ἔδοξε
574 1589 646 1631 αυτις
658 1562 845 1641 παρελθόντας
858 1561 925 1622 πάν-

124 1671 173 1713 τας
185 1671 234 1706 του
244 1668 329 1721 φονου
341 1651 476 1746 μετίσχειν.
518 1653 543 1703 4.
560 1643 626 1705 Εδει
644 1649 671 1704 δε
688 1653 715 1704 ἐκ
732 1647 780 1704 τοδ
791 1643 926 1713 Ἠετίωνος

123 1728 205 1806 γόνου
218 1732 348 1806 Κορίνθῳ
361 1752 429 1787 κακα
419 1726 622 1803 ἆναβλαστειν.
648 1753 665 1801 η
654 1725 776 1803 ’Λάβδα
790 1725 845 1806 ’γάρ
857 1727 923 1789 πόν-

124 1838 158 1870 τα
185 1812 270 1871 ταῦτα
291 1809 369 1886 ἤκουε
388 1813 505 1871 ἑστεῶσα
527 1810 594 1889 πρὸς
617 1809 711 1888 αιίτῇσι
728 1810 790 1888 τῇσι
810 1808 924 1889 θόρησι·

124 1899 237 1957 δείσασα
251 1899 291 1966 δὲ,
309 1890 345 1972 μή
364 1920 412 1971 σφι
424 1893 554 1972 μεταδόξῃ
572 1897 615 1954 καί
627 1893 657 1955 τό
671 1892 790 1972 δεότερσν
803 1893 924 1970 λαβόντες

121 1979 153 2040 τό
175 1982 283 2052 παιδίον
304 1977 485 2049 άποκτείντοσι,
513 1983 632 2056 φέρουσα
651 1975 824 2055 κατακρόπτεο
846 1983 873 2044 ἐς
892 1974 921 2038 τό

123 2060 328 2141 ἀφραστότατόν
341 2064 368 2122 οἱ
380 2067 498 2137 ἐφαίνετο
511 2060 584 2131 εἶναι,
599 2069 624 2129 ἐς
637 2067 754 2139 κυψέλην,
768 2065 922 2138 ἐπισταμένη

121 2146 163 2214 ὦς,
176 2149 200 2205 εί
211 2146 423 2223 &ammam
436 2153 461 2212 ἐς
475 2144 578 2219 ζήτησιν
591 2145 736 2219 ᾇπικοίατο,
749 2141 837 2202 πάντα
851 2150 919 2222 ἐρευ-

120 2222 207 2303 νήσειν
219 2234 343 2332 μέλλριεν·
364 2227 398 2287 τό
415 2227 447 2301 δὴ
464 2231 509 2286 καί
525 2234 631 2305 ἐγένετο.
659 2229 770 2293 ἐλθοῦσι
783 2230 811 2285 δὲ
823 2229 869 2285 καί
882 2230 918 2286 δι-

121 2310 291 2388 (6606st
260 2318 364 2371 αυτοῖσι
376 2308 411 2379 ὥς
429 2309 476 2371 οίικ
489 2316 620 2386 ἐφαίνετο,
647 2310 731 2371 ἐδόκεε
750 2309 917 2370 ἆπαλλάσσε·

121 2404 193 2457 σθαι
213 2397 259 2455 καί
259 2398 358 2489 λέγειν
375 2392 440 2473 πρὸς
457 2393 518 2461 τοὺς
537 2393 755 2501 ἇποπὲμψαντας,
781 2392 817 2460 ὥς
832 2390 919 2453 πάντα

121 2469 276 2552 ποιήσειαν
269 2477 311 2545 τά
317 2485 407 2539 ε’κεῖνοι
421 2483 580 2537 ἐνετείλαντο.
610 2480 636 2536 οἳ
654 2475 744 2554 μὲνδὴ
759 2474 918 2543 ἇπελθόντες

103 2643 215 2714 ἰαίνετο,
238 2649 290 2709 καί
304 2671 332 2709 οι
321 2603 512 2728 ’διαφιγόντι
513 2645 607 2707 ταότον
619 2643 665 2705 τὸν
677 2641 821 2705 κίνδυνον’
806 2640 862 2707 απὸ
874 2640 916 2712 τῆε
