1942 3286
127 149 174 199 232
429 152 634 198 HERODOTI

128 260 157 317 αἱ
175 261 291 334 γυναῖκες
309 252 538 355 ὑπεπλήσθησαν,
565 252 690 332 γλώσσόν
706 279 734 313 τε
752 252 798 329 τήν
811 253 927 330 Ἀττικήν

109 342 171 399 ,καί
184 337 298 416 τρόπους
314 339 366 397 τών
375 337 523 411 Ἀθηναίων
540 342 676 398 ἐδίδασκον
693 337 755 405 τοὺς
766 292 871 405 ίιαῖδας
900 342 928 400 οἱ

127 418 202 481 δέ’1
169 445 230 481 ουτε
247 425 448 522 συμμίσγεσθαι
460 429 530 482 τοῖσι
546 428 572 480 έιι
585 422 637 480 τών
649 425 820 498 Πελασγίδων
833 444 925 530 γυναι-

123 505 180 563 τῶν
191 526 270 562 παισι
261 503 432 576 ήθελον,”
403 529 426 563 ει
439 529 467 563 τε
479 501 603 565 τόπτοιτό
616 529 654 572 τις
668 503 753 562 αιἰτών
766 501 812 562 εντ’
828 509 928 563 ἐκείνων

127 585 205 656 τινός,
219 583 350 663 ἐβοήθεόν
363 610 391 644 τε
403 585 498 653 πάντες
511 612 556 646 και
546 585 704 665 ἐτιμώρεον
718 585 861 658 ἀλλήλοισι·
883 591 928 646 καὶ

128 668 161 742 δή
178 672 222 728 καί
240 668 328 746 ίίρχειν
344 692 372 727 τε
390 670 442 728 τών
459 673 560 728 παίδων
578 695 604 729 οι
595 672 709 736 παῖδες
721 673 856 738 ἐδικαίευν,
883 673 928 727 καὶ

127 750 225 811 πολλόν
247 749 406 829 ἐπεκράτεον.
433 751 568 827 μαθόντες
588 755 616 812 δέ
636 754 720 812 ταότα
742 754 768 812 οἱ
789 754 929 829 Πελασγοί

127 839 246 894 ἑωυτοῖσι
265 832 359 910 λόγους
386 837 523 894 ἐδίδοσαν·
557 838 602 894 καί
623 841 700 912 σφίσι
721 835 930 912 βουλευομενοισι

128 915 213 975 δεινόν
225 941 250 975 τι
264 920 372 986 ἐσέδυνε,
386 920 409 976 εἲ
422 916 454 991 δή
468 917 660 996 διαγινώσκοιεν
674 923 750 993 σφίσι
763 941 791 976 τε
804 918 930 993 βοηθέειν

128 1001 154 1058 οἳ
174 1002 266 1066 παῖδες
287 998 353 1078 πρός
370 1001 422 1058 τών
437 1005 583 1078 κουριδιέων
598 1002 726 1080 γυναικών
747 999 807 1067 τοίις
829 1002 929 1066 παῖδας

127 1080 282 1141 καὶτούτων
296 1082 388 1140 αὐτίκα
402 1080 491 1159 όίρχειν
503 1080 645 1160 πειρῴατο,
665 1088 692 1142 τί
704 1080 736 1154 δή
749 1081 929 1159 ἄνδρωθεντες

128 1166 213 1237 δήθεν
224 1162 373 1236 ποιήσουσι.
396 1166 515 1223 ἐνθαῦτα
529 1167 602 1232 ἔδοξέ
613 1190 662 1241 σφι
674 1169 778 1223 κτείνειν
789 1162 851 1231 τοίις
863 1171 927 1222 παῖ-

128 1249 177 1314 δας
189 1245 251 1313 τοίις
264 1254 290 1305 ὧι
303 1248 355 1306 τών
366 1246 494 1307 Ἀττικίων
507 1248 643 1325 γυναικών.
671 1247 776 1307 ποιεῦσι
789 1245 821 1317 δή
834 1248 929 1317 ταῦτα,

128 1328 362 1408 προσαπολλύουσι
374 1333 403 1391 δέ
415 1354 503 1407 σφεων
513 1333 559 1391 καὶ
570 1329 618 1399 τός
629 1335 747 1433 μητέρας.
784 1326 852 1431 Ἀπὸ
866 1328 928 1388 106-

127 1436 175 1472 του
193 1415 221 1470 δέ
238 1413 285 1473 τοό
296 1415 380 1491 έργου
396 1416 504 1475 καί”
456 1440 505 1477 του
521 1418 650 1493 προτέρου
667 1410 777 1482 τοότων,
802 1411 834 1471 τὸ
848 1410 928 1517 ἐργό-

130 1518 212 1554 σαντο
231 1498 260 1554 αἱ
277 1504 393 1573 γυναῖκες
408 1494 471 1567 τοίις
487 1495 543 1577 ίίμοι
563 1495 661 1557 θόαντι
679 1494 776 1572 ανδρας
789 1499 930 1570 σφετέρους

129 1576 328 1648 ἇποκτείνασαι,
350 1578 498 1657 νενόμισται
515 1578 566 1639 ἇνόι
583 1579 631 1652 τήν
643 1576 803 1638 Ἑλλάδα
774 1603 809 1637 τυ
827 1582 930 1651 σχέτλιοι

129 1662 194 1740 ἔργα
207 1658 295 1719 πάντα
308 1659 412 1738 Λήμνια
425 1666 577 1721 καλέεσθαι

143 1748 249 1802 ,136
269 1742 448 1803 Ἀποκτείνασι
461 1747 489 1803 δέ
500 1751 569 1804 τοῖσι
582 1749 747 1822 Πελασγοῖσι
760 1740 822 1810 τοίις
837 1748 928 1818 σφετέ-

128 1848 191 1904 ρους
204 1825 302 1895 παῖδάς
313 1850 343 1886 τε
355 1831 400 1887 καὶ
411 1834 536 1933 γυναῖκας
549 1853 608 1889 ουιε
618 1829 653 1906 γή
665 1824 769 1906 καρπόν
782 1829 858 1904 ἔφερε
871 1823 931 1886 οότε

129 1913 246 1986 γυναῒκές
266 1933 295 1969 τε
314 1913 359 1970 καί
378 1918 487 1990 ποῖμναι
508 1911 640 1989 ὃμοίως”
624 1933 721 1971 ετικτον
742 1911 787 1969 καί
802 1907 858 1987 πρό
876 1934 932 1968 του.

129 1990 275 2068 πιεζόμενοι
288 1996 316 2053 δέ
328 1996 392 2072 λιμῷ
410 2019 438 2055 τε
455 2020 499 2054 και
490 1994 650 2094 ήιπαιδίη’
637 2018 662 2061 ες
676 1990 823 2069 Δελφοδς”
807 2012 931 2069 επεμπον,

129 2073 205 2134 λώσιν
225 2075 282 2134 τινὰ
305 2076 471 2155 αιτησόμενοι
492 2079 543 2137 τῶν
565 2074 717 2155 παρεόντων
738 2074 831 2133 κακών.
865 2099 883 2147 η
903 2076 932 2132 δέ

129 2162 226 2232 Πυθίη
244 2163 327 2267 σφέας
340 2164 433 2220 ἐκέλευε
441 2159 608 2234 Ἀθηναίοισι
624 2162 696 2227 δίκας
709 2156 810 2217 διδόναι
823 2153 930 2224 ταότας,

130 2238 178 2308 τός
191 2239 226 2301 όίν
242 2241 316 2301 αιἰτοι
307 2241 470 2317 Ἀθηναιοι
484 2241 618 2304 δικάσωσι.
643 2234 732 2316 ήλθόν
748 2263 776 2299 τε
794 2236 826 2310 δή
846 2245 872 2302 ἐς
884 2236 932 2305 τός

126 2321 284 2397 Ἀθήνας’
258 2350 285 2385 οι
297 2330 445 2404 Πελασγοί,
463 2352 507 2386 και
497 2330 592 2394 δίκας
605 2330 790 2405 ἐπαγγέλλοντο
803 2320 930 2398 βουλόμε-

130 2431 172 2466 νοι
190 2406 291 2469 διδόναι
307 2409 406 2478 παντὸς
423 2411 472 2471 τοῦ
493 2408 656 2488 ἀδικήματος.
694 2406 836 2480 Ἀθηναῖοι
858 2407 887 2463 δέ
907 2410 933 2462 ἐν
960 2469 962 2473 ,

130 2491 166 2565 τῷ
179 2494 326 2569 πρυτανηίῳ
339 2496 424 2567 κλίνην
437 2491 600 2572 στρώσαντες
613 2491 648 2559 ώς
660 2486 730 2566 ελγον
742 2487 875 2558 κάλλιστα,
888 2488 932 2547 καλ

128 2571 261 2648 τράπεζαν
277 2581 398 2651 ἐπιπλέην
414 2575 654 2655 ἀγαθόνπάντων
674 2577 855 2652 παραθέντες,
878 2573 929 2629 ἐκέ-

47 2657 195 2792 Ὕυν
219 2658 285 2731 τοίις
307 2667 367 2725 Πολ
368 2684 473 2745 ασγους
493 2657 540 2737 τὴν
554 2657 638 2741 χώρηι
661 2663 737 2734 σφίσι
755 2650 932 2733 παραδιδόναι
