1942 3286
132 468 165 506 vl
441 465 623 505 SUMMARU.

131 553 237 595 auctores
251 550 465 607 comprehenderem
480 551 522 595 sed
531 550 651 595 Demarati
663 546 757 597 alarius
770 551 832 607 regis
847 552 937 600 artihas

131 625 219 668 factum
236 626 284 675 est,
300 626 328 667 ut
345 623 433 668 infecta
447 637 473 669 re
487 624 551 669 ahira
566 628 685 679 cosmetur
697 638 718 667 c·
732 628 767 679 dt,
782 628 818 671 dt·
832 624 884 669 Iam
897 626 937 671 uhi

132 696 226 750 copiosa
239 694 269 739 (le
277 693 444 751 Spartanorum
453 697 544 751 regibus
554 700 591 740 est
599 697 733 752 expositum
742 711 762 741 c.
771 701 799 740 52
806 721 836 732 ·-
844 700 882 743 dd·
892 710 937 753 qua

131 767 198 810 ruodo
210 766 344 812 Cleomenes
353 769 501 813 Demaratum
515 770 580 822 regia
596 772 713 825 potestate
728 770 866 827 privaverit,
881 782 936 814 nar·

131 842 202 883 ratur.
232 840 275 890 Qui
291 853 359 894 quum
373 854 387 884 a
400 840 554 894 Leotychide,
567 843 591 884 in
605 843 654 885 eins
669 840 745 885 locum
761 840 870 894 suffecto,
883 856 936 886 con·

132 911 252 957 tumeliose
266 912 357 956 habitus
371 916 444 964 esset,
457 915 482 956 in
490 913 570 957 Asiam
579 916 609 957 ad
618 928 695 968 regem
704 916 830 969 transfugit
840 930 860 958 e.
870 918 896 959 ot
906 939 936 949 -

131 988 166 1026 to.
187 984 320 1029 Cleomenes
338 988 414 1028 antem
434 1000 501 1042 quum
518 999 565 1029 una
579 1001 629 1030 cum
647 1001 706 1031 novo
721 986 810 1041 collega
825 987 936 1041 Aeginam

130 1070 235 1100 reversus
248 1071 355 1113 proceres
364 1057 525 1112 Aeginetarurn
540 1059 715 1116 comprehensos
726 1059 903 1103 Atheniensibus
912 1060 936 1103 in

130 1130 258 1172 custodiam
277 1130 422 1182 tradidisset,
440 1131 522 1176 fraude
536 1146 581 1188 qua
596 1133 745 1177 Demaratum
758 1133 937 1176 circumvenerat

131 1201 222 1245 detecta
231 1203 327 1256 primum
336 1204 361 1245 in
368 1203 523 1257 Thessaliam,
533 1208 581 1248 tum
589 1205 614 1248 in
619 1205 743 1248 Arcadiam
752 1202 867 1257 cethsain
881 1208 937 1259 post

131 1271 238 1329 Spartam
250 1277 370 1319 revocatus
383 1277 408 1319 in
420 1277 533 1321 insaniam
546 1278 640 1327 incidit,
656 1278 720 1320 cuius
734 1288 830 1321 censue
840 1289 860 1321 c.
869 1279 898 1320 'id
907 1299 937 1310 ·-

116 1388 119 1393 .
131 1350 166 1390 81.
180 1350 326 1398 enarrantur,
342 1360 411 1402 seque
424 1346 475 1402 ipse
488 1347 561 1391 foede
572 1348 696 1391 trucidavit
710 1361 730 1391 c.
744 1351 771 1391 ta
780 1353 853 1393 -ta
866 1348 937 1402 Aegi-

130 1422 198 1463 uetae
216 1422 291 1462 autem
305 1433 371 1475 quum
385 1419 447 1461 cives
461 1431 514 1461 snos
523 1416 628 1459 Athenas
644 1417 755 1461 abductos
767 1419 855 1462 frustra
868 1432 937 1475 repe-

132 1491 249 1541 tivissent,
263 1490 441 1534 Atheniensibus
454 1487 539 1532 hellam
552 1486 678 1531 intulerunt
692 1502 711 1531 e.
721 1493 748 1530 85
756 1512 786 1522 —
795 1491 830 1533 93.
843 1488 938 1535 Interea

132 1563 201 1606 Datis
215 1565 239 1606 et
248 1560 405 1618 Artapherues
420 1561 445 1604 in
455 1560 571 1603 Mardonii
586 1557 662 1602 locum
672 1559 774 1610 suffecti,
789 1574 840 1604 eum
848 1564 937 1616 magnis

132 1636 207 1692 copiis
216 1635 241 1680 iu
250 1634 369 1679 Graeciam
378 1633 527 1683 traiecerant,
540 1630 635 1676 Naxum
644 1635 778 1689 ceterasque
787 1632 875 1678 insulas
884 1637 938 1679 suh·

134 1712 240 1763 egerunt,
263 1707 337 1752 classe
359 1706 390 1749 ad
408 1704 525 1749 Euboeam
543 1704 643 1763 appulsa
661 1705 777 1750 Eretriam
798 1720 842 1763 per
858 1709 937 1764 prodi·

133 1782 219 1826 tionem
239 1780 350 1838 ceperunt
363 1792 384 1823 c.
399 1781 428 1823 91
439 1800 469 1812 -·
482 1782 531 1822 101.
545 1778 622 1822 Victis
637 1779 735 1823 Eretriis
748 1780 835 1824 Persae
850 1782 938 1836 Hippia

135 1853 191 1899 duce
200 1855 225 1898 in
234 1852 335 1898 Atticam
344 1854 397 1894 snut
406 1852 553 1905 transgressi,
568 1852 609 1894 sad
620 1852 650 1894 ad
660 1852 818 1896 Marathonem
828 1853 856 1894 ah
865 1852 938 1896 Athe-

133 1927 251 1970 niensihna
265 1923 474 1970 etPlataeeusihus
482 1922 588 1971 Miltiade
603 1923 659 1968 duce
672 1924 728 1967 victi
741 1924 766 1973 in
774 1923 854 1967 Asiam
861 1924 939 1969 redie-

132 2001 194 2050 runt,
200 2011 298 2055 quosque
304 1996 470 2042 Eretriensium
480 2000 597 2053 ceperant,
602 2009 677 2040 escum
687 1996 940 2044 adduxeram-102-

134 2075 183 2117 12⁰.
197 2069 241 2113 Illo
255 2072 358 2125 tempore
367 2068 544 2114 Alcmaeonidae
553 2069 694 2125 proditionis
703 2072 757 2113 sunt
766 2070 879 2112 accusatis
894 2084 939 2126 quo

133 2143 228 2188 crimina
240 2141 378 2185 liberaturus
392 2154 433 2185 eos
442 2141 573 2186 Herodotus
582 2143 632 2189 eius
642 2141 746 2187 familiae
756 2141 877 2187 historiam
886 2143 939 2186 suh·

134 2216 184 2261 licit
196 2228 216 2259 c.
231 2218 309 2259 121·-
318 2218 367 2259 111.
381 2214 440 2258 Post
452 2227 552 2271 pugnam
565 2214 737 2259 Marathoniam
745 2214 877 2264 Miltiades,
893 2216 940 2258 iam

132 2286 256 2347 plurimun
265 2287 363 2331 Athonis
378 2278 480 2343 pollens,
494 2291 591 2343 accepta
601 2298 655 2330 sxx
668 2288 759 2331 navium
769 2284 843 2333 classe
852 2287 939 2331 Parum

131 2358 233 2405 insulam
241 2360 337 2404 adortus
346 2363 389 2410 est,
399 2361 521 2404 sedPeriis
530 2360 657 2405 fortissime
666 2361 834 2415 resistentibus,
841 2358 938 2404 uulnera

133 2433 206 2478 etiam
217 2435 326 2488 accepto,
337 2430 442 2505 attonsa
455 2432 543 2476 inlecta
554 2446 580 2476 re
595 2433 682 2479 reverti
696 2435 788 2477 coactus
802 2432 887 2488 capitis
902 2436 939 2484 est

132 2508 263 2556 assumtus,
271 2505 313 2548 sed
321 2507 418 2561 prepter
427 2503 586 2549 Marathoniac
595 2517 685 2563 pugnae
694 2506 804 2550 ethemai
811 2508 938 2560 occupatas

133 2579 219 2624 ruerita
231 2578 328 2635 pecunia
340 2580 429 2621 tantum
442 2576 552 2623 multatus
564 2593 585 2622 c.
599 2583 640 2622 182
653 2603 683 2612 —
696 2581 744 2623 138.
759 2580 808 2628 (luo
821 2575 872 2620 loeo
885 2574 939 2633 pln-

137 2651 199 2699 rihus
219 2651 338 2696 disseritur
355 2650 383 2697 da
397 2651 483 2698 Lemno
497 2651 575 2699 insula
588 2653 683 2711 eiusque
697 2650 781 2698 incolis
792 2648 901 2704 Belaagls
917 2663 939 2697 a·

139 2727 179 2767 131
188 2745 217 2758 -
227 2727 276 2768 110.
