1942 3286
256 453 711 517 L1B.V1-.cA1³.86‚2—90.
832 455 882 507 τον

72 549 245 640 Ἀθηναίοισι
258 563 384 652 πεντήρης
402 565 445 622 ἐπὶ
463 569 576 639 Σουνίῳ,
601 562 760 666 λοχήσαντες
781 554 818 623 οἷν
834 563 901 638 τήν

70 648 249 727 Ιθεωρίδα
219 671 270 719 νηα
288 643 355 706 εἷλον
370 644 470 724 πλήρεα
482 644 640 723 ἂνδρῶν
605 669 657 705 των
673 645 783 725 πρώτων
797 645 879 722 Ἀθη·

79 737 169 800 ναίων,
182 723 303 805 λαβόντες
317 733 345 787 δὲ
356 727 416 796 τοίις
431 726 529 806 ἄνδρας
542 732 645 802 ἔδησαν.

144 856 187 906 88.
206 845 345 918 Ἀθηναῖοι
358 849 385 905 δὲ
398 845 533 913 παθόντες
545 870 629 905 ταυτα
642 869 710 925 προς
717 847 880 923 Αιγινητίων

80 928 166 992 οδκέτι
183 928 401 1037 ἀνεβάλλοντο
370 953 406 1006 μη
426 928 458 988 06
474 929 505 988 τὸ
526 930 581 987 πᾶν
601 928 815 1006 μηχανήσασθαι
835 926 877 987 ἐπ

79 1011 242 1091 Αἰγινήτῃσι.
270 1015 315 1069 καί
329 1013 361 1083 ἠν
373 1010 427 1088 γὰρ
443 1011 607 1113 Νικόδρομος
619 1016 744 1074 Κνοίθου
757 1009 878 1088 καλεόμε·

79 1120 125 1164 νος
139 1096 210 1154 ἐν
179 1119 210 1172 τη
224 1096 331 1170 Αἰγίνη,
354 1092 420 1169 ἀνὴρ
435 1093 550 1200 δόκιμος,
571 1087 648 1160 οὗτος
659 1093 822 1172 μεμφόμενος
833 1099 880 1172 μὲν

78 1187 150 1239 τοῖσι
166 1175 321 1254 Αἶγινητησι
338 1181 470 1278 προτερην
481 1176 577 1235 ἑωυτοίι
595 1181 709 1244 ἐξέλασιν
728 1177 801 1234 ἐκ
770 1201 816 1249 της
833 1176 879 1250 νή·
960 1199 964 1206 ’

80 1286 145 1331 σου,
166 1259 265 1338 μαθὼν
279 1257 349 1318 δὲ’
319 1282 378 1318 τοτε
391 1256 452 1324 τοίις
461 1256 649 1331 Ἀθηναίους’
635 1262 824 1336 αναρτημίνους
835 1261 877 1336 ἕρ·
912 1259 917 1266 ’

79 1349 134 1404 δειν
150 1340 290 1420 Αἰγινήτας
308 1341 391 1407 κακῶς
396 1383 404 1410 ,
428 1345 581 1401 συντίθεται
593 1339 760 1413 Ἀθηναίοισι
778 1344 877 1420 προδο·

80 1433 141 1500 σίην
152 1428 258 1503 Αἰγίνης
262 1468 270 1494 ,
291 1423 397 1502 φράσας
415 1431 442 1482 ἐν
459 1426 490 1501 τῇ
507 1447 536 1483 τε
550 1424 630 1502 ήμέρη
648 1422 814 1502 ἐπιχειρήσει,
835 1426 880 1484 καλ

80 1513 189 1577 ἐκείνους
208 1516 233 1574 ἐς
251 1505 297 1580 τήν
313 1506 381 1579 ήκειν
403 1505 488 1578 δεήσει
509 1509 680 1582 βοηθέοντας.
706 1506 772 1584 μετὰ
793 1509 879 1567 ταῦτα

78 1589 274 1669 καταλαμβάνει
302 1596 349 1666 μὲν
379 1588 447 1646 κατὰ
475 1589 643 1663 συνεθήκατο
671 1589 685 1649 ὃ
712 1589 878 1668 Νικόδρομος

73 1675 243 1749 Ἀθηναίοισι
254 1671 301 1745 τήν
312 1670 426 1744 παλαιήν
437 1676 590 1748 καλεομένην
602 1670 686 1730 πόλιν.

142 1798 185 1853 89.
206 1789 347 1862 Αθηναιοι
358 1787 428 1846 δε
400 1813 431 1847 ου
444 1791 635 1865 παραγίνονται
648 1794 673 1855 ἐς
686 1792 756 1849 δίον·
778 1784 878 1869 οδγδιρ

78 1879 171 1949 ἔτυχον
184 1874 276 1934 ἕουσαι
292 1895 345 1938 νεες
359 1895 407 1945 σφι
421 1869 601 1948 ἀξιόμαχοι
571 1896 630 1944 τησι
641 1873 796 1949 Αἰγινητέων
810 1896 876 1950 συμ-

77 1960 186 2036 βαλέειν.
213 1959 276 2016 ἕν’
258 1980 279 2031 φ
296 1947 332 2013 δν
349 1959 504 2032 Κορινθίων
520 1958 620 2014 ἐδέοντο
635 1957 736 2060 χρῆσαί
750 1981 798 2030 σφι
809 1962 877 2026 νίας,

78 2050 107 2103 ἐν
128 2038 213 2141 τοότιρ
235 2012 421 2139 διίφθοίρη
392 2063 425 2096 τα
452 2035 601 2137 πρήγματα.
636 2063 663 2098 οι
683 2042 712 2097 δὲ
727 2044 878 2141 Κορίνθιοι
943 2108 947 2114 ,

77 2116 161 2198 (ἦσαν
172 2121 225 2200 γάρ
240 2145 288 2195 σφι
300 2124 392 2180 τοίπον
409 2121 455 2179 τὸν
465 2118 563 2196 χρόνον
580 2125 681 2194 φίλοι’
667 2145 692 2187 ες
705 2146 739 2179 τα
727 2119 876 2197 μάλιστα)

73 2206 244 2280 Ἀθηναίοισι
261 2206 362 2264 διδοδσι
380 2204 562 2279 δεομένοισι’
541 2208 622 2261 εἰκοσι
634 2205 706 2270 νέας,
734 2204 836 2262 διδουσι
849 2207 877 2262 δί
946 2255 949 2258 .

76 2286 292 2367 πενταδράχμους
314 2283 489 2388 ἀποδόμενοι
516 2287 622 2356 δωτίνην
636 2282 689 2361 γὰρ
712 2285 790 2342 ίν
754 2309 791 2362 τῳ
805 2283 876 2363 νόμῳ

51 2371 128 2434 ,σία
149 2373 209 2445 ίξην
225 2372 322 2430 δουναι.
349 2369 446 2435 ταότας
462 2390 491 2426 τε
508 2365 540 2439 δή
558 2365 723 2441 λαβόντες’
697 2392 723 2426 οι
736 2341 877 2441 Ἀθηναιοι
947 2422 955 2431 ,

76 2458 124 2516 καλ
139 2453 187 2522 τὰς
205 2458 343 2530 σφετέρας,
365 2449 546 2530 πληρώσαντες
560 2449 737 2527 εβδομήκοντα
754 2454 813 2518 νίας
828 2448 877 2519 τὰς
891 2507 902 2520 ,

77 2536 199 2607 ἆπᾶσας,
222 2540 343 2596 ίπλεον’
330 2539 372 2595 επὶ
388 2535 435 2610 τήν
451 2539 562 2612 Αίγιναν
578 2537 623 2594 καλ
638 2533 779 2612 υστίρισαν
794 2533 876 2614 ἡμέρη

74 2622 181 2705 νλτῆι
195 2624 363 2698 νανννένιι·

140 2729 183 2780 9⁰.
207 2718 372 2828 Νικόδρομος
387 2722 427 2787 δὲ,
448 2716 483 2784 ὦς
501 2716 674 2790 οῖἈθηναῒοι
687 2725 713 2786 ἐς
725 2716 772 2778 τόν
784 2716 876 2795 καιρόν

76 2803 305 2884 οδπαρεγίνοντο,
325 2810 349 2870 ς
325 2808 453 2861 πλοιον
467 2799 546 2877 ἐσβὰς
559 2799 715 2878 ἐκδιδρήσκει
729 2802 797 2861 δι”
767 2825 813 2874 της
824 2803 874 2860 Ai-

72 2893 161 2970 γίνης,
184 2885 233 2946 σίιν
251 2887 322 2945 δέ’
297 2911 323 2945 οι
340 2911 384 2945 και
374 2884 500 2944 666³
487 2909 513 2943 εκ
525 2885 576 2943 τῶν
589 2886 766 2961 Αίγινητίων“
756 2886 877 2954 ἕσποντο,

73 2997 146 3035 τοισι
159 2970 297 3053 Ἀθηναῖοι
318 2969 431 3033 Σοίνιον
454 2968 598 3059 ολκησαιε
581 2970 694 3030 ’έδοοαν
720 2969 845 3028 ὶνθέυτεν
858 2968 898 3018 R
