1942 3286
121 159 171 208 102
425 157 628 204 HERODOTI

119 271 196 325 ναίσυ
207 261 303 332 Κώεω,
324 261 560 340 μεταπεμψάμενος
577 265 606 320 δέ
622 286 706 336 σφεας
719 269 744 329 ές
757 261 856 342 Σάρδις
871 269 920 324 666-

119 351 169 408 δου
182 344 284 405 αὐτοῖσι
298 351 405 424 αἵρεσιν.
432 346 446 405 6
459 351 506 423 μέν
518 345 549 419 66
560 343 687 414 Ἱστιαῖος,
703 344 748 404 άτε
760 348 923 454 τυραννεώφν

117 432 164 502 τῆς
172 427 299 501 Μιλήτου,
311 433 502 533 τυραννίδος
471 451 519 505 μεν
533 425 650 505 οάδεμιῆς
663 432 875 530 προσέχρρζε,’
845 437 923 491 αιτέει

117 516 146 573 δέ
163 510 304 614 Μόριυνον
325 511 371 585 τὴν
388 510 519 572 Ἠδωνίδα
541 509 719 617 βουλόμενος
717 519 743 571 έν
761 511 827 590 αάτῇ
845 512 922 573 πόλιν

117 599 212 655 κτίσαι
241 619 317 662 ουτος
333 598 380 671 μέν
398 594 429 668 δὴ
447 592 544 667 ταώτην
562 596 686 697 αἱρέεται,
706 593 763 654 666
775 594 862 669 Κώης,
877 593 921 656 οἷά

117 703 146 738 τε
160 677 191 738 06
204 674 329 755 τόραννος
342 676 452 755 δημότης
463 702 491 736 τε
504 675 560 746 ἐών,
574 679 651 736 αἰτέει
664 676 816 782 Μιριλήνης
823 703 919 757 τυραν-

118 763 217 821 νεῦσαι.
248 765 424 821 τελεωθέντων
450 758 516 821 δέ’
501 765 672 840 αμφστέροισι
692 785 766 822 ουτοι
783 784 831 840 μεν
852 759 919 820 κατά

117 848 215 904 εἵλοντο
229 842 379 920 ἐτράποντο.

179 935 219 985 12.
241 932 356 1004 Λαρειον
370 930 397 988 δέ
414 925 543 1000 συνήνεικε
559 927 669 1030 πρῆγμα
686 925 788 989 τοιόνδε
800 924 920 1006 ιδόμενσν

117 994 283 1112 έπιθυμῆσαι
306 1014 474 1070 ἐντείλασθαι
491 1009 657 1087 Μεγαβάζῳ,
684 1015 806 1078 Παίονας
827 1009 919 1071 ἑλόντα

118 1090 308 1159 ἀνασπάστους
320 1094 431 1165 ποιῆσαι
445 1094 512 1152 ἐκ
482 1117 527 1166 της
540 1091 667 1172 Εὐρώπης
679 1092 744 1161 ἐς
717 1118 763 1168 την
772 1092 873 1167 Ἀσίην·
887 1117 919 1166 ια

116 1180 219 1253 Πίγρης
232 1177 277 1234 καί
290 1174 429 1250 Μαντόης,
452 1173 542 1255 ἀνδρες
559 1181 685 1247 Παίονες,
709 1203 734 1238 οι
723 1179 808 1236 ἐπεί
817 1200 846 1235 τε
859 1183 918 1237 Δα-

118 1266 186 1338 ρεῖος
200 1260 268 1335 διέβη
287 1257 351 1326 ἐς
325 1282 372 1332 την
381 1258 480 1333 Ἀσίην,
502 1258 577 1320 οὗτοι
569 1263 723 1329 ἐθέλοντες
736 1257 861 1319 Παιόνων
874 1285 918 1320 τυ-

118 1340 250 1420 ραννεόειν
264 1341 427 1403 ἀπικνέονται
440 1350 465 1410 ἐς
479 1341 585 1422 Σάρδις,
605 1343 662 1422 άμα
675 1341 797 1422 ἀγόμενοι
810 1341 918 1418 ἀδελφε·

118 1424 151 1499 ὴν
161 1424 275 1504 μεγάλην
287 1450 315 1487 τε
329 1429 373 1486 καὶ
386 1425 490 1487 εάειδέα.
512 1426 672 1503 φυλάξοντες
686 1431 713 1487 δέ
725 1433 839 1506 Δαρεῖον
851 1448 918 1504 προ-

118 1506 284 1584 κατιζόμενον
299 1515 324 1575 ές
340 1508 370 1568 τὸ
387 1507 548 1587 προάστειον
564 1509 595 1570 τό
613 1512 665 1569 τών
681 1511 779 1570 Λυδών
792 1513 922 1583 ἐποίησαν

119 1588 236 1651 τοιόνδε·
264 1587 438 1657 σκευάσαντες
460 1589 507 1663 τὴν
525 1590 651 1666 ἀδελφεὴν
671 1593 705 1660 ώς
722 1591 792 1666 εἶχεν
815 1589 920 1669 ἀριστα,

91 1671 160 1732 ··ίπ’
177 1671 247 1748 ὕδωρ
264 1674 379 1748 ἔπεμπον
396 1671 479 1749 ἀμμος
496 1674 539 1731 ἐπί
554 1674 587 1750 τῇ
599 1675 698 1751 κεφαλῇ
711 1677 823 1748 ἔχουσαν
836 1677 882 1734 καὶ
895 1682 922 1736 ἐκ

117 1779 166 1814 του
152 1755 350 1832 ”βραχίονος“
338 1777 419 1815 ιππον
435 1758 594 1817 ἐπέλκουσαν
609 1781 654 1815 και
644 1755 830 1817 κλώθουσαν
843 1762 919 1818 λίνον.

119 1836 153 1906 ὦς
174 1840 202 1896 δέ
221 1835 380 1916 παρεξηὶε
364 1863 382 1911 6
403 1836 487 1942 ξυνὴ,
502 1841 613 1916 ἐπιμελές
634 1841 670 1916 τῷ
688 1845 822 1918 Δαρείω·’
808 1844 919 1942 εμένετρ·

119 1919 180 1982 οότε
195 1917 249 1999 γάρ
267 1919 391 2024 Πμρσινά
403 1923 436 1994 ἠν
454 1919 514 1981 οὔτε
526 1919 661 1981 Λόδια
632 1948 667 1982 τα
683 1923 824 2001 ποιεόμενα
837 1925 907 1982 ἐκ
876 1947 920 1996 της

118 2003 253 2082 γυναικὸς,
272 2003 331 2065 σι’έτε
343 2002 410 2083 πρὸς
421 2005 471 2064 τών
485 2005 555 2064 ἐκ
524 2029 569 2079 της
578 2003 665 2080 Ἀσίης
678 2005 805 2085 σδδαμών.
831 2013 918 2084 ἐντεμε-

118 2093 159 2154 λές
173 2085 233 2146 66
214 2111 247 2154 ως
262 2088 288 2147 οἱ
301 2092 411 2164 ἐγένετο,
432 2088 484 2147 τών
496 2087 649 2168 δορυφόρων
663 2089 736 2158 τινάς
752 2096 918 2167 πέμπει,ιιε·

120 2169 199 2229 λεόων
216 2169 362 2245 φυλάξαι”
347 2195 362 2230 ο
378 2196 404 2230 τι
419 2169 546 2249 χρήσεται
562 2174 598 2250 τῷ
616 2176 688 2232 ἵππω
705 2173 723 2247 6
739 2172 811 2251 γυνή.
836 2175 921 2250 εἶμέν

119 2250 151 2326 δὴ
167 2249 319 2314 όπισθεν“
294 2277 410 2314 ειποντσ·
424 2280 440 2328 η
429 2255 482 2314 ‘66
494 2259 550 2314 ἐπεί
560 2280 588 2315 τε
602 2254 706 2316 ἀπίκετο
721 2255 801 2316 ἐπὶ
775 2279 822 2318 τον
834 2280 919 2316 ποτα-

119 2335 177 2414 μὸν,
191 2326 255 2414 ἦρσε
267 2334 313 2397 τὸν
325 2340 416 2408 ἵππον,
432 2335 541 2417 ἀρσασα
553 2342 581 2398 δέ
594 2343 638 2398 καὶ
649 2337 681 2399 τό
696 2335 778 2418 ἀμησς
790 2364 839 2400 του
825 2337 918 2399 ’ἀδα-

122 2443 167 2486 τος
180 2418 413 2498 ἐμπλησαμένη,
387 2445 434 2493 την
448 2420 528 2495 αι’πην
541 2420 602 2482 ὁδόν
613 2421 743 2501 παρεξηῖε,
757 2428 876 2525 φέρουσα
888 2421 921 2482 τὸ

120 2500 193 2610 ὕδωρ
209 2503 298 2562 ἐπὶ
268 2527 312 2576 της
327 2506 439 2579 κεφαλῆς
455 2529 500 2564 και
489 2507 660 2565 ἐπέλκουσα
679 2513 705 2566 ἐκ
721 2531 770 2568 του
757 2508 921 2585 βραχίονος

273 2610 318 2646 και
330 2611 481 2666 στρέφουσα
488 2608 540 2647 τον
554 2585 690 2666 άτραιιτοιι.
803 2627 806 2630 -

54 2583 394 2808 4³ch
410 2669 469 2735 δέ’
456 2697 473 2734 ο
492 2670 651 2756 Δαρειυς’
621 2698 658 2733 τα
673 2697 702 2734 τε
718 2696 814 2746 ηιουοε
827 2678 855 2731 λιι
870 2673 923 2732 τών
