1942 3286
79 434 138 502 ἰιι
272 458 318 493 ·.
379 451 594 500 monum

88 585 143 662 ρρν,
158 558 211 627 sc*
197 585 211 618 ο
225 560 269 618 καί
283 583 310 618 οι
300 556 472 642 ’Καρόστιοι
484 561 656 669 παρέστησαν
669 562 694 624 ές
706 555 758 615 τῶν
767 561 891 664 Περσέων

88 667 135 717 W
147 664 258 721 ῖίωθηί·

150 735 208 785 100.
225 724 360 804 Ἐρετριέες
379 727 406 783 δέ
424 722 623 802 πυνθανόμενοι
638 721 685 797 τὴν
703 719 830 800 στρατιὴν
846 719 893 795 τὴν

88 806 222 887 Περσικὴν
234 810 276 868 ἐπὶ
295 813 378 883 σφέας
396 812 569 871 ἐπιπλέουσαν
578 805 728 881 Ἀθηναίων
742 803 894 879 έδείχθησοίν

89 916 166 993 σφισι
184 889 304 968 βοηθοὺς
317 896 453 969 γενέσθαι.
493 889 633 965 Ἀθηναῖοι
640 887 714 949 δέ
686 913 733 949 ουκ
747 886 893 948 οἰπείπανιο

87 975 134 1048 τὴν
146 979 303 1052 ἐπικουρίην,
327 972 393 1032 αλλὰ
410 971 471 1040 τοὺς
488 977 705 1052 τετρακισχιλίους
722 977 891 1074 κληρουχέον-

88 1083 136 1127 τας
148 1060 200 1117 τῶν
214 1059 376 1134 ἱπποβοτέων
388 1055 576 1116 Χαλκιδέων“
550 1081 597 1130 την
607 1055 704 1159 χρέρην,
721 1053 832 1123 τοότους
846 1057 899 1161 σφι

88 1143 190 1200 διδουσι
204 1137 337 1218 τιμωροός.
364 1141 416 1198 τῶν
429 1138 475 1199 δέ’
474 1145 610 1247 Ερετριέων
622 1163 655 1213 ην
669 1136 723 1218 σ’ίρα
737 1137 840 1199 ουδέν“
825 1142 894 1216 υχιές

87 1222 268 1302 βσόλευμα,ι
239 1250 266 1284 οι
277 1247 370 1302 μετεπ
359 1228 472 1329 έμποντρ
483 1228 530 1301 μέν
541 1221 706 1296 Ἀθηναίους,
728 1219 854 1300 ἐφρόνεον
867 1224 895 1280 δέ

88 1312 215 1383 διφασίας
228 1309 304 1374 ῖδέας.
333 1309 359 1367 οῖ
374 1311 422 1384 μέν
434 1304 487 1385 χδιρ
507 1304 592 1365 αὗτῶν
605 1303 771 1382 έβουλεόοντο
786 1311 894 1364 ἐκλιπεῖν

88 1390 135 1463 τὴν
148 1389 224 1451 πόλιν
239 1388 305 1458 ἐς
277 1416 310 1448 τα
325 1386 393 1467 όιιρα
407 1414 452 1462 της
465 1387 548 1466 Εὗβοί
546 1413 588 1462 ης,
611 1387 683 1448 ἄλλοι
700 1385 774 1446 δέ’
742 1388 829 1447 αυτῶν
840 1390 894 1447 ’δια

37 1489 41 1496 ·
88 1474 180 1551 κέρδεα
193 1471 399 1552 προσδεκόμενοι
411 1471 487 1550 παρὰ
499 1498 548 1533 του
534 1473 666 1574 Πέρσεω
680 1476 812 1532 οἴσεσθαι
824 1495 892 1549 προ-

89 1560 180 1630 δοσίην
193 1553 369 1626 ἐσκευάζοντο
394 1553 496 1634 μαθών
512 1559 541 1615 δέ
558 1554 656 1616 τοέσων
672 1553 782 1656 έκοῖτερρι
795 1551 895 1629 ὧςεῖχε

88 1643 226 1722 Αἰσχίνης
234 1638 249 1701 δ
270 1637 419 1709 Νόθωνος,
441 1636 490 1699 έτέν
507 1640 559 1698 τοῖν
574 1637 740 1741 Ερετριέων
740 1636 775 1697 τδι
793 1638 893 1740 πρρῖτα,

89 1723 182 1803 φράζει
200 1731 270 1783 τοῖσι
282 1747 375 1798 ηκουσι
388 1746 439 1782 των
448 1721 598 1798 Ἀθηναίων
609 1720 698 1781 πάντα
711 1718 746 1780 τὰ
758 1719 894 1800 παρεόντα

91 1833 139 1908 σφι
153 1807 304 1912 πρήγματα,
318 1804 475 1886 προσεδέετό
488 1831 516 1867 τε
530 1803 760 1866 ἆπαλλοίσσεσθαί
772 1828 857 1882 σφεας
870 1810 894 1872 ές

89 1913 137 1964 την
151 1895 288 1966 σφετέρην,
310 1893 354 1949 ι’να
367 1915 404 1967 μη
393 1888 647 1968 ’προσαπόλωνται
676 1915 701 1950 οι
692 1887 895 1992 ’δέἈθηναῖοι

90 1974 174 2031 ταῦτα
196 1974 307 2050 Αἰσχίνη
331 1972 553 2050 συμβουλεύσαντι
572 1978 721 2032 πείθονται.
751 1975 799 2033 και
821 1995 894 2032 ουτοι

90 2060 136 2122 μέν
148 2052 310 2132 διοβοίντες’
297 2080 322 2122 ες
331 2053 455 2134 Ὠρωπὸν
469 2053 565 2126 έσωζόν
578 2081 662 2162 σφερις
677 2053 780 2123 οιυιοός.

153 2147 212 2197 101.
238 2141 269 2198 Οι
283 2142 310 2199 δέ
323 2145 428 2219 Πέρσαι
440 2144 558 2208 πλέοντες
575 2145 704 2214 κατέσχον
716 2136 763 2206 τὰς
777 2142 839 2207 νέας
851 2161 895 2212 της

86 2221 228 2301 Ἐρετρικῆς
243 2221 329 2300 χώρης
346 2222 415 2283 κατὰ
435 2221 558 2302 Ταμύνας
573 2225 618 2282 καὶ
631 2228 743 2303 Χοιρέας
760 2224 805 2281 καὶ
818 2222 894 2300 Αῖχί-

91 2312 146 2376 λια,
169 2305 343 2380 κατασχόντες
360 2310 388 2365 δέ
405 2313 431 2374 ές
448 2307 533 2366 ταῦτα
550 2304 584 2365 τό
594 2312 679 2386 χωρία
694 2304 786 2366 αιἰτίκοι
799 2309 896 2372 ἵππους

90 2413 119 2448 τε
137 2388 300 2465 ἐξεβάλλοντο
319 2389 611 2467 καί-παρεσκευάζοντο
632 2389 666 2458 ὥς
688 2387 895 2468 προσοισόμενοι

90 2479 160 2533 τοῖσι
173 2479 303 2550 ἐχθροῖσι.
332 2475 359 2533 οῖ
374 2475 402 2530 δέ
412 2472 545 2551 Ἐρετριέες
563 2479 712 2541 ἐπεξελθεῖν
724 2479 771 2552 μέν
784 2475 830 2533 καῖ
842 2470 894 2552 μό-

89 2563 193 2630 χεσθαι
212 2555 258 2616 οιίκ
276 2557 408 2616 ἐποιεῦντο
426 2555 532 2632 βουλὴν,
554 2561 583 2616 εἶ’
595 2581 645 2624 κως
662 2559 690 2615 δέ
708 2555 895 2632 διαφυλάξαιεν

90 2639 125 2698 τὰ
137 2644 229 2714 τείχεα,
248 2638 342 2700 τοότου
355 2665 404 2716 σφι
417 2642 487 2717 έμελε
499 2645 570 2718 πέρι,
589 2645 684 2700 ἐπείτε
698 2646 767 2701 ἐνίκα
780 2639 817 2719 μὴ
830 2645 894 2700 έκλι-

90 2731 150 2783 πεῖν
162 2722 209 2799 τὴν
222 2722 303 2783 πόλιν.
332 2725 481 2802 πρὴσβολῆς
489 2727 526 2783 ’δέ
541 2729 675 2802 γινομένης
692 2725 818 2804 καρτερῆς
828 2721 896 2803 πρὸς

90 2805 121 2868 τό
135 2813 219 2882 τεῖχος
232 2810 341 2867 ἔπιπτον
353 2813 400 2886 μέν
413 2809 455 2866 ἐπί
471 2806 526 2876 ἓξ
504 2812 607 2913 ημέρας
623 2810 715 2868 πολλοί
729 2809 895 2888 ἀμφοτέρων

92 2916 124 2967 τη
112 2892 171 2951 δέ
187 2890 284 2971 ἑβδόμη
299 2888 439 2995 Εὔφορβός
453 2915 482 2952 τε
500 2917 515 2952 ο
504 2890 681 2968 Ἀλκιμάχου
698 2895 744 2952 καῖ
764 2896 896 2972 Φίλσργος

77 2999 93 3031 o
88 2971 229 3052 Ἔννοσι,
250 2974 394 3059 οῖνδρες
358 2999 412 3039 των
426 2973 513 3039 ἇστῶν
528 2973 641 3055 δόκιμοι,
656 2978 814 3054 προδιδουσι
827 2981 896 3037 τοῖσι
