<?xml version="1.0" encoding="UTF-8"?>
<!DOCTYPE html PUBLIC "-//W3C//DTD XHTML 1.0 Transitional//EN"
    "http://www.w3.org/TR/xhtml1/DTD/xhtml1-transitional.dtd">
<html xmlns="http://www.w3.org/1999/xhtml" xml:lang="en" lang="en">
 <head>
  <title>
</title>
<meta http-equiv="Content-Type" content="text/html;charset=utf-8" />
  <meta name='ocr-system' content='tesseract 3.04.00' />
  <meta name='ocr-capabilities' content='ocr_page ocr_carea ocr_par ocr_line ocrx_word'/>
</head>
<body>
  <div class='ocr_page' id='page_1' title='image "./herodotihistori00herogoog_0010.png"; bbox 0 0 1942 3286; ppageno 0'>
   <div class='ocr_carea' id='block_1_1' title="bbox 231 988 713 1058">
    <p class='ocr_par' dir='ltr' id='par_1_1' title="bbox 231 988 713 1058">
     <span class='ocr_line' id='line_1_1' title="bbox 231 988 713 1058; baseline 0.002 -1"><span class='ocrx_word' id='word_1_1' title='bbox 231 988 713 1058; x_wconf 68' lang='lat' dir='ltr'><strong>SUMMABIA.</strong></span> 
     </span>
    </p>
   </div>
   <div class='ocr_carea' id='block_1_2' title="bbox 322 1318 629 1394">
    <p class='ocr_par' dir='ltr' id='par_1_2' title="bbox 322 1318 629 1394">
     <span class='ocr_line' id='line_1_2' title="bbox 322 1318 629 1394; baseline -0.007 0"><span class='ocrx_word' id='word_1_2' title='bbox 322 1318 629 1394; x_wconf 66' lang='lat' dir='ltr'><strong>urrunnu.</strong></span> 
     </span>
    </p>
   </div>
   <div class='ocr_carea' id='block_1_3' title="bbox 31 1755 888 2911">
    <p class='ocr_par' dir='ltr' id='par_1_3' title="bbox 72 1755 875 2041">
     <span class='ocr_line' id='line_1_3' title="bbox 122 1755 873 1828; baseline -0.007 -10"><span class='ocrx_word' id='word_1_3' title='bbox 122 1755 249 1826; x_wconf 83' lang='lat' dir='ltr'><strong>Babylone</strong></span> <span class='ocrx_word' id='word_1_4' title='bbox 268 1775 336 1828; x_wconf 82' lang='lat' dir='ltr'><strong>rapta</strong></span> <span class='ocrx_word' id='word_1_5' title='bbox 350 1771 435 1816; x_wconf 88' lang='lat' dir='ltr'><strong>Dariue</strong></span> <span class='ocrx_word' id='word_1_6' title='bbox 449 1768 542 1824; x_wconf 81' lang='lat' dir='ltr'><strong>Scythie</strong></span> <span class='ocrx_word' id='word_1_7' title='bbox 561 1769 645 1815; x_wconf 87' lang='lat' dir='ltr'><strong>bellum</strong></span> <span class='ocrx_word' id='word_1_8' title='bbox 658 1769 750 1821; x_wconf 84' lang='lat' dir='ltr'><strong>intulit,</strong></span> <span class='ocrx_word' id='word_1_9' title='bbox 767 1771 805 1824; x_wconf 91' lang='lat' dir='ltr'><strong>qui</strong></span> <span class='ocrx_word' id='word_1_10' title='bbox 819 1767 873 1813; x_wconf 85' lang='lat' dir='ltr'><strong>olim</strong></span> 
     </span>
     <span class='ocr_line' id='line_1_4' title="bbox 72 1842 873 1900; baseline 0 -15"><span class='ocrx_word' id='word_1_11' title='bbox 72 1842 155 1886; x_wconf 61' lang='lat' dir='ltr'><strong>etaiam</strong></span> <span class='ocrx_word' id='word_1_12' title='bbox 171 1846 336 1900; x_wconf 77' lang='lat' dir='ltr'><strong>occupaverant</strong></span> <span class='ocrx_word' id='word_1_13' title='bbox 351 1843 542 1899; x_wconf 78' lang='lat' dir='ltr'><strong>(ei.1,1⁰³aqq.)</strong></span> <span class='ocrx_word' id='word_1_14' title='bbox 559 1846 583 1886; x_wconf 82' lang='lat' dir='ltr'><strong>et</strong></span> <span class='ocrx_word' id='word_1_15' title='bbox 594 1843 675 1896; x_wconf 75' lang='lat' dir='ltr'><strong>viginti</strong></span> <span class='ocrx_word' id='word_1_16' title='bbox 688 1847 738 1886; x_wconf 85' lang='lat' dir='ltr'><strong>ooto</strong></span> <span class='ocrx_word' id='word_1_17' title='bbox 753 1854 825 1884; x_wconf 84' lang='lat' dir='ltr'><strong>annor</strong></span> <span class='ocrx_word' id='word_1_18' title='bbox 838 1851 873 1885; x_wconf 90' lang='lat' dir='ltr'><strong>te·</strong></span> 
     </span>
     <span class='ocr_line' id='line_1_5' title="bbox 73 1913 873 1971; baseline -0.003 -13"><span class='ocrx_word' id='word_1_19' title='bbox 73 1918 172 1960; x_wconf 82' lang='lat' dir='ltr'><strong>ruerant</strong></span> <span class='ocrx_word' id='word_1_20' title='bbox 185 1929 204 1959; x_wconf 83' lang='lat' dir='ltr'><strong>e.</strong></span> <span class='ocrx_word' id='word_1_21' title='bbox 214 1919 295 1960; x_wconf 76' lang='grc'>1-1.</span> <span class='ocrx_word' id='word_1_22' title='bbox 308 1913 440 1970; x_wconf 77' lang='lat' dir='ltr'><strong>Sequuntur</strong></span> <span class='ocrx_word' id='word_1_23' title='bbox 452 1918 476 1958; x_wconf 85' lang='lat' dir='ltr'><strong>et</strong></span> <span class='ocrx_word' id='word_1_24' title='bbox 488 1916 589 1971; x_wconf 87' lang='lat' dir='ltr'><strong>ipaornm</strong></span> <span class='ocrx_word' id='word_1_25' title='bbox 598 1913 733 1968; x_wconf 73' lang='lat' dir='ltr'><strong>Scytharum</strong></span> <span class='ocrx_word' id='word_1_26' title='bbox 747 1914 774 1958; x_wconf 81' lang='lat' dir='ltr'><strong>ie</strong></span> <span class='ocrx_word' id='word_1_27' title='bbox 788 1915 873 1967; x_wconf 75' lang='lat' dir='ltr'><strong>origine</strong></span> 
     </span>
     <span class='ocr_line' id='line_1_6' title="bbox 75 1985 875 2041; baseline -0.003 -11"><span class='ocrx_word' id='word_1_28' title='bbox 75 1990 98 2030; x_wconf 87' lang='lat' dir='ltr'><strong>et</strong></span> <span class='ocrx_word' id='word_1_29' title='bbox 111 1991 189 2031; x_wconf 85' lang='lat' dir='ltr'><strong>aetate</strong></span> <span class='ocrx_word' id='word_1_30' title='bbox 202 1999 245 2032; x_wconf 85' lang='lat' dir='ltr'><strong>aua</strong></span> <span class='ocrx_word' id='word_1_31' title='bbox 255 2001 273 2032; x_wconf 82' lang='lat' dir='ltr'><strong>a.</strong></span> <span class='ocrx_word' id='word_1_32' title='bbox 283 1991 364 2032; x_wconf 76' lang='grc'>5-1.</span> <span class='ocrx_word' id='word_1_33' title='bbox 375 1991 399 2032; x_wconf 86' lang='lat' dir='ltr'><strong>et</strong></span> <span class='ocrx_word' id='word_1_34' title='bbox 410 1986 548 2031; x_wconf 78' lang='lat' dir='ltr'><strong>Graecorum</strong></span> <span class='ocrx_word' id='word_1_35' title='bbox 559 2001 577 2030; x_wconf 85' lang='lat' dir='ltr'><strong>e.</strong></span> <span class='ocrx_word' id='word_1_36' title='bbox 587 1990 638 2031; x_wconf 83' lang='lat'><strong>8·-</strong></span> <span class='ocrx_word' id='word_1_37' title='bbox 648 1990 682 2031; x_wconf 78' lang='lat'><strong>12</strong></span> <span class='ocrx_word' id='word_1_38' title='bbox 692 1989 760 2041; x_wconf 88' lang='lat' dir='ltr'><strong>atque</strong></span> <span class='ocrx_word' id='word_1_39' title='bbox 769 1985 875 2029; x_wconf 77' lang='lat' dir='ltr'><strong>Aristeae</strong></span> 
     </span>
    </p>

    <p class='ocr_par' dir='ltr' id='par_1_4' title="bbox 31 2048 888 2911">
     <span class='ocr_line' id='line_1_7' title="bbox 31 2048 876 2105; baseline -0.001 -4"><span class='ocrx_word' id='word_1_40' title='bbox 31 2048 34 2054; x_wconf 72' lang='grc'><em>’</em></span> <span class='ocrx_word' id='word_1_41' title='bbox 74 2056 224 2105; x_wconf 77' lang='lat' dir='ltr'><strong>Proconnerii</strong></span> <span class='ocrx_word' id='word_1_42' title='bbox 240 2061 322 2105; x_wconf 82' lang='lat' dir='ltr'><strong>iirhem</strong></span> <span class='ocrx_word' id='word_1_43' title='bbox 337 2061 365 2105; x_wconf 82' lang='lat' dir='ltr'><strong>ie</strong></span> <span class='ocrx_word' id='word_1_44' title='bbox 379 2061 448 2105; x_wconf 83' lang='lat' dir='ltr'><strong>robur</strong></span> <span class='ocrx_word' id='word_1_45' title='bbox 463 2059 608 2103; x_wconf 69' lang='lat' dir='ltr'><strong>narrationes</strong></span> <span class='ocrx_word' id='word_1_46' title='bbox 621 2073 641 2103; x_wconf 89' lang='lat' dir='ltr'><strong>e.</strong></span> <span class='ocrx_word' id='word_1_47' title='bbox 655 2063 681 2103; x_wconf 80' lang='grc'><strong>13</strong></span> <span class='ocrx_word' id='word_1_48' title='bbox 694 2081 723 2094; x_wconf 88' lang='grc'><strong>-</strong></span> <span class='ocrx_word' id='word_1_49' title='bbox 737 2062 771 2102; x_wconf 98' lang='grc'>15.</span> <span class='ocrx_word' id='word_1_50' title='bbox 785 2057 876 2102; x_wconf 78' lang='lat' dir='ltr'><strong>lieinde</strong></span> 
     </span>
     <span class='ocr_line' id='line_1_8' title="bbox 76 2130 876 2189; baseline -0.001 -16"><span class='ocrx_word' id='word_1_51' title='bbox 76 2132 138 2186; x_wconf 74' lang='lat' dir='ltr'><strong>regio</strong></span> <span class='ocrx_word' id='word_1_52' title='bbox 156 2132 345 2189; x_wconf 85' lang='lat' dir='ltr'><strong>aeptentrienalie</strong></span> <span class='ocrx_word' id='word_1_53' title='bbox 365 2132 501 2176; x_wconf 68' lang='lat' dir='ltr'><strong>describitur</strong></span> <span class='ocrx_word' id='word_1_54' title='bbox 516 2130 641 2189; x_wconf 74' lang='lat' dir='ltr'><strong>populique</strong></span> <span class='ocrx_word' id='word_1_55' title='bbox 658 2145 708 2176; x_wconf 88' lang='lat' dir='ltr'><strong>eam</strong></span> <span class='ocrx_word' id='word_1_56' title='bbox 721 2130 876 2174; x_wconf 70' lang='lat' dir='ltr'><strong>inhabitantur</strong></span> 
     </span>
     <span class='ocr_line' id='line_1_9' title="bbox 75 2202 877 2260; baseline -0.002 -15"><span class='ocrx_word' id='word_1_57' title='bbox 75 2207 237 2249; x_wconf 78' lang='lat' dir='ltr'><strong>enumerantur</strong></span> <span class='ocrx_word' id='word_1_58' title='bbox 254 2219 272 2249; x_wconf 77' lang='lat' dir='ltr'><strong>o</strong></span> <span class='ocrx_word' id='word_1_59' title='bbox 290 2209 317 2249; x_wconf 84' lang='grc'><strong>15</strong></span> <span class='ocrx_word' id='word_1_60' title='bbox 330 2229 360 2240; x_wconf 83' lang='grc'><strong>-</strong></span> <span class='ocrx_word' id='word_1_61' title='bbox 372 2208 406 2249; x_wconf 79' lang='lat'><strong>³1.</strong></span> <span class='ocrx_word' id='word_1_62' title='bbox 420 2218 514 2260; x_wconf 86' lang='lat' dir='ltr'><strong>quorum</strong></span> <span class='ocrx_word' id='word_1_63' title='bbox 532 2203 607 2248; x_wconf 85' lang='lat' dir='ltr'><strong>ultimi</strong></span> <span class='ocrx_word' id='word_1_64' title='bbox 619 2202 763 2260; x_wconf 71' lang='lat' dir='ltr'><strong>Hyperborei</strong></span> <span class='ocrx_word' id='word_1_65' title='bbox 776 2214 826 2244; x_wconf 84' lang='lat' dir='ltr'><strong>eaaa</strong></span> <span class='ocrx_word' id='word_1_66' title='bbox 842 2202 877 2244; x_wconf 80' lang='lat' dir='ltr'><strong>di-</strong></span> 
     </span>
     <span class='ocr_line' id='line_1_10' title="bbox 75 2272 877 2331; baseline -0.004 -12"><span class='ocrx_word' id='word_1_67' title='bbox 75 2279 170 2326; x_wconf 81' lang='lat' dir='ltr'><strong>cuntur,</strong></span> <span class='ocrx_word' id='word_1_68' title='bbox 185 2278 213 2320; x_wconf 79' lang='lat' dir='ltr'><strong>be</strong></span> <span class='ocrx_word' id='word_1_69' title='bbox 227 2278 305 2331; x_wconf 84' lang='lat' dir='ltr'><strong>quibua</strong></span> <span class='ocrx_word' id='word_1_70' title='bbox 321 2275 410 2321; x_wconf 77' lang='lat' dir='ltr'><strong>dubitat</strong></span> <span class='ocrx_word' id='word_1_71' title='bbox 420 2274 662 2326; x_wconf 78' lang='lat' dir='ltr'><strong>Herodotu130muino</strong></span> <span class='ocrx_word' id='word_1_72' title='bbox 670 2272 737 2328; x_wconf 75' lang='lat' dir='ltr'><strong>louge</strong></span> <span class='ocrx_word' id='word_1_73' title='bbox 747 2274 853 2318; x_wconf 87' lang='lat' dir='ltr'><strong>aberrare</strong></span> <span class='ocrx_word' id='word_1_74' title='bbox 863 2286 877 2316; x_wconf 90' lang='lat' dir='ltr'><strong>a</strong></span> 
     </span>
     <span class='ocr_line' id='line_1_11' title="bbox 76 2345 878 2405; baseline -0.002 -15"><span class='ocrx_word' id='word_1_75' title='bbox 76 2361 130 2391; x_wconf 72' lang='lat' dir='ltr'><strong>vero</strong></span> <span class='ocrx_word' id='word_1_76' title='bbox 139 2346 262 2404; x_wconf 76' lang='lat' dir='ltr'><strong>plerunque</strong></span> <span class='ocrx_word' id='word_1_77' title='bbox 273 2345 400 2391; x_wconf 79' lang='lat' dir='ltr'><strong>tabularum</strong></span> <span class='ocrx_word' id='word_1_78' title='bbox 409 2346 610 2405; x_wconf 66' lang='lat' dir='ltr'><strong>geographiam</strong></span> <span class='ocrx_word' id='word_1_79' title='bbox 619 2349 734 2396; x_wconf 79' lang='lat' dir='ltr'><strong>auetorer¹</strong></span> <span class='ocrx_word' id='word_1_80' title='bbox 745 2346 783 2400; x_wconf 88' lang='lat' dir='ltr'><strong>qui</strong></span> <span class='ocrx_word' id='word_1_81' title='bbox 792 2349 878 2390; x_wconf 83' lang='lat' dir='ltr'><strong>terram</strong></span> 
     </span>
     <span class='ocr_line' id='line_1_12' title="bbox 76 2417 878 2476; baseline 0.002 -15"><span class='ocrx_word' id='word_1_82' title='bbox 76 2418 150 2462; x_wconf 80' lang='lat' dir='ltr'><strong>torma</strong></span> <span class='ocrx_word' id='word_1_83' title='bbox 160 2417 277 2473; x_wconf 74' lang='lat' dir='ltr'><strong>globoeam</strong></span> <span class='ocrx_word' id='word_1_84' title='bbox 287 2423 311 2464; x_wconf 90' lang='lat' dir='ltr'><strong>et</strong></span> <span class='ocrx_word' id='word_1_85' title='bbox 320 2420 418 2464; x_wconf 80' lang='lat' dir='ltr'><strong>cinctam</strong></span> <span class='ocrx_word' id='word_1_86' title='bbox 424 2419 513 2464; x_wconf 86' lang='lat' dir='ltr'><strong>0oeaao</strong></span> <span class='ocrx_word' id='word_1_87' title='bbox 522 2419 617 2476; x_wconf 74' lang='lat' dir='ltr'><strong>pingere</strong></span> <span class='ocrx_word' id='word_1_88' title='bbox 627 2418 878 2463; x_wconf 79' lang='lat' dir='ltr'><strong>conrueroriute.31-</strong></span> 
     </span>
     <span class='ocr_line' id='line_1_13' title="bbox 77 2491 878 2551; baseline 0.001 -18"><span class='ocrx_word' id='word_1_89' title='bbox 77 2494 111 2535; x_wconf 77' lang='lat' dir='ltr'><strong>ti.</strong></span> <span class='ocrx_word' id='word_1_90' title='bbox 130 2491 187 2548; x_wconf 87' lang='lat' dir='ltr'><strong>Ipae</strong></span> <span class='ocrx_word' id='word_1_91' title='bbox 204 2493 276 2546; x_wconf 70' lang='lat' dir='ltr'><strong>igitur</strong></span> <span class='ocrx_word' id='word_1_92' title='bbox 295 2504 352 2547; x_wconf 93' lang='lat' dir='ltr'><strong>quae</strong></span> <span class='ocrx_word' id='word_1_93' title='bbox 371 2493 447 2536; x_wconf 81' lang='lat' dir='ltr'><strong>torma</strong></span> <span class='ocrx_word' id='word_1_94' title='bbox 464 2493 496 2536; x_wconf 89' lang='lat' dir='ltr'><strong>eit</strong></span> <span class='ocrx_word' id='word_1_95' title='bbox 515 2493 597 2546; x_wconf 90' lang='lat' dir='ltr'><strong>quique</strong></span> <span class='ocrx_word' id='word_1_96' title='bbox 611 2491 707 2535; x_wconf 86' lang='lat' dir='ltr'><strong>ambitur</strong></span> <span class='ocrx_word' id='word_1_97' title='bbox 720 2492 788 2551; x_wconf 82' lang='lat' dir='ltr'><strong>trium</strong></span> <span class='ocrx_word' id='word_1_98' title='bbox 801 2493 878 2534; x_wconf 88' lang='lat' dir='ltr'><strong>terrae</strong></span> 
     </span>
     <span class='ocr_line' id='line_1_14' title="bbox 77 2564 877 2622; baseline 0 -16"><span class='ocrx_word' id='word_1_99' title='bbox 77 2566 189 2619; x_wconf 86' lang='lat' dir='ltr'><strong>partium,</strong></span> <span class='ocrx_word' id='word_1_100' title='bbox 199 2564 278 2617; x_wconf 80' lang='lat' dir='ltr'><strong>Aeiae,</strong></span> <span class='ocrx_word' id='word_1_101' title='bbox 288 2564 382 2618; x_wconf 79' lang='lat' dir='ltr'><strong>Libyae,</strong></span> <span class='ocrx_word' id='word_1_102' title='bbox 392 2564 510 2622; x_wconf 85' lang='lat' dir='ltr'><strong>Europae,</strong></span> <span class='ocrx_word' id='word_1_103' title='bbox 519 2565 620 2609; x_wconf 81' lang='lat' dir='ltr'><strong>breviter</strong></span> <span class='ocrx_word' id='word_1_104' title='bbox 628 2565 724 2620; x_wconf 79' lang='lat' dir='ltr'><strong>exponit</strong></span> <span class='ocrx_word' id='word_1_105' title='bbox 737 2577 756 2607; x_wconf 82' lang='lat' dir='ltr'><strong>a.</strong></span> <span class='ocrx_word' id='word_1_106' title='bbox 766 2566 794 2607; x_wconf 77' lang='grc'><strong>51</strong></span> <span class='ocrx_word' id='word_1_107' title='bbox 803 2565 832 2597; x_wconf 90' lang='grc'><strong>-’</strong></span> <span class='ocrx_word' id='word_1_108' title='bbox 842 2567 877 2606; x_wconf 79' lang='grc'>15.</span> 
     </span>
     <span class='ocr_line' id='line_1_15' title="bbox 76 2634 878 2692; baseline -0.001 -14"><span class='ocrx_word' id='word_1_109' title='bbox 76 2636 136 2679; x_wconf 84' lang='lat' dir='ltr'><strong>Hine</strong></span> <span class='ocrx_word' id='word_1_110' title='bbox 149 2637 180 2680; x_wconf 84' lang='lat' dir='ltr'><strong>ad</strong></span> <span class='ocrx_word' id='word_1_111' title='bbox 190 2635 288 2691; x_wconf 79' lang='lat' dir='ltr'><strong>Scythae</strong></span> <span class='ocrx_word' id='word_1_112' title='bbox 298 2650 404 2681; x_wconf 87' lang='lat' dir='ltr'><strong>revereue</strong></span> <span class='ocrx_word' id='word_1_113' title='bbox 418 2650 457 2682; x_wconf 87' lang='lat' dir='ltr'><strong>eor</strong></span> <span class='ocrx_word' id='word_1_114' title='bbox 471 2638 572 2692; x_wconf 75' lang='lat' dir='ltr'><strong>iuriquer</strong></span> <span class='ocrx_word' id='word_1_115' title='bbox 587 2649 637 2680; x_wconf 86' lang='lat' dir='ltr'><strong>eree</strong></span> <span class='ocrx_word' id='word_1_116' title='bbox 653 2637 710 2680; x_wconf 79' lang='lat' dir='ltr'><strong>dicit</strong></span> <span class='ocrx_word' id='word_1_117' title='bbox 719 2634 878 2680; x_wconf 71' lang='lat' dir='ltr'><strong>eollertheimo</strong></span> 
     </span>
     <span class='ocr_line' id='line_1_16' title="bbox 74 2706 878 2766; baseline -0.002 -15"><span class='ocrx_word' id='word_1_118' title='bbox 74 2709 180 2760; x_wconf 81' lang='lat' dir='ltr'><strong>iuvante,</strong></span> <span class='ocrx_word' id='word_1_119' title='bbox 193 2713 221 2752; x_wconf 89' lang='lat' dir='ltr'><strong>ut</strong></span> <span class='ocrx_word' id='word_1_120' title='bbox 234 2710 281 2754; x_wconf 87' lang='lat' dir='ltr'><strong>aiut</strong></span> <span class='ocrx_word' id='word_1_121' title='bbox 294 2710 386 2762; x_wconf 80' lang='lat' dir='ltr'><strong>invicti,</strong></span> <span class='ocrx_word' id='word_1_122' title='bbox 401 2723 468 2766; x_wconf 85' lang='lat' dir='ltr'><strong>quum</strong></span> <span class='ocrx_word' id='word_1_123' title='bbox 477 2722 550 2764; x_wconf 90' lang='lat' dir='ltr'><strong>nequa</strong></span> <span class='ocrx_word' id='word_1_124' title='bbox 559 2708 627 2752; x_wconf 88' lang='lat' dir='ltr'><strong>urbee</strong></span> <span class='ocrx_word' id='word_1_125' title='bbox 636 2706 736 2752; x_wconf 89' lang='lat' dir='ltr'><strong>habeant</strong></span> <span class='ocrx_word' id='word_1_126' title='bbox 744 2719 878 2756; x_wconf 72' lang='lat' dir='ltr'><strong>noemma,</strong></span> 
     </span>
     <span class='ocr_line' id='line_1_17' title="bbox 74 2780 879 2838; baseline -0.004 -14"><span class='ocrx_word' id='word_1_127' title='bbox 74 2784 98 2824; x_wconf 85' lang='lat' dir='ltr'><strong>et</strong></span> <span class='ocrx_word' id='word_1_128' title='bbox 111 2783 132 2825; x_wconf 89' lang='lat' dir='ltr'><strong>ei</strong></span> <span class='ocrx_word' id='word_1_129' title='bbox 141 2781 229 2834; x_wconf 86' lang='lat' dir='ltr'><strong>nolint,</strong></span> <span class='ocrx_word' id='word_1_130' title='bbox 243 2797 273 2828; x_wconf 93' lang='lat' dir='ltr'><strong>ne</strong></span> <span class='ocrx_word' id='word_1_131' title='bbox 286 2783 384 2826; x_wconf 87' lang='lat' dir='ltr'><strong>inveniri</strong></span> <span class='ocrx_word' id='word_1_132' title='bbox 398 2782 488 2838; x_wconf 75' lang='lat' dir='ltr'><strong>quidem</strong></span> <span class='ocrx_word' id='word_1_133' title='bbox 497 2781 525 2824; x_wconf 91' lang='lat' dir='ltr'><strong>ab</strong></span> <span class='ocrx_word' id='word_1_134' title='bbox 539 2780 641 2824; x_wconf 86' lang='lat' dir='ltr'><strong>hortibur</strong></span> <span class='ocrx_word' id='word_1_135' title='bbox 654 2780 745 2836; x_wconf 86' lang='lat' dir='ltr'><strong>poreint</strong></span> <span class='ocrx_word' id='word_1_136' title='bbox 754 2793 773 2824; x_wconf 85' lang='lat' dir='ltr'><strong>o.</strong></span> <span class='ocrx_word' id='word_1_137' title='bbox 783 2782 818 2824; x_wconf 76' lang='grc'>45.</span> <span class='ocrx_word' id='word_1_138' title='bbox 829 2781 879 2829; x_wconf 69' lang='lat' dir='ltr'><strong>(lna</strong></span> 
     </span>
     <span class='ocr_line' id='line_1_18' title="bbox 75 2851 888 2911; baseline -0.005 -15"><span class='ocrx_word' id='word_1_139' title='bbox 75 2855 99 2897; x_wconf 87' lang='lat' dir='ltr'><strong>in</strong></span> <span class='ocrx_word' id='word_1_140' title='bbox 110 2868 138 2899; x_wconf 95' lang='lat' dir='ltr'><strong>re</strong></span> <span class='ocrx_word' id='word_1_141' title='bbox 153 2857 285 2901; x_wconf 75' lang='lat' dir='ltr'><strong>adiumento</strong></span> <span class='ocrx_word' id='word_1_142' title='bbox 300 2856 329 2899; x_wconf 88' lang='lat' dir='ltr'><strong>iie</strong></span> <span class='ocrx_word' id='word_1_143' title='bbox 343 2868 393 2898; x_wconf 84' lang='lat' dir='ltr'><strong>eree</strong></span> <span class='ocrx_word' id='word_1_144' title='bbox 408 2859 433 2899; x_wconf 91' lang='lat' dir='ltr'><strong>et</strong></span> <span class='ocrx_word' id='word_1_145' title='bbox 446 2857 532 2898; x_wconf 88' lang='lat' dir='ltr'><strong>terram</strong></span> <span class='ocrx_word' id='word_1_146' title='bbox 545 2854 570 2897; x_wconf 83' lang='lat' dir='ltr'><strong>et</strong></span> <span class='ocrx_word' id='word_1_147' title='bbox 581 2851 686 2896; x_wconf 68' lang='lat' dir='ltr'><strong>flumineo</strong></span> <span class='ocrx_word' id='word_1_148' title='bbox 701 2865 761 2911; x_wconf 82' lang='lat' dir='ltr'><strong>quaa</strong></span> <span class='ocrx_word' id='word_1_149' title='bbox 770 2853 888 2907; x_wconf 66' lang='lat' dir='ltr'><strong>hainoeqe</strong></span> 
     </span>
    </p>
   </div>
   <div class='ocr_carea' id='block_1_4' title="bbox 77 2924 922 3080">
    <p class='ocr_par' dir='ltr' id='par_1_5' title="bbox 77 2924 922 3080">
     <span class='ocr_line' id='line_1_19' title="bbox 77 2924 910 2985; baseline -0.002 -15"><span class='ocrx_word' id='word_1_150' title='bbox 77 2925 237 2972; x_wconf 79' lang='lat' dir='ltr'><strong>deearibuntnr</strong></span> <span class='ocrx_word' id='word_1_151' title='bbox 246 2943 266 2974; x_wconf 89' lang='lat' dir='ltr'><strong>e.</strong></span> <span class='ocrx_word' id='word_1_152' title='bbox 274 2931 302 2972; x_wconf 76' lang='grc'><strong>11</strong></span> <span class='ocrx_word' id='word_1_153' title='bbox 311 2951 341 2960; x_wconf 97' lang='grc'>-</span> <span class='ocrx_word' id='word_1_154' title='bbox 348 2930 383 2972; x_wconf 81' lang='grc'>51.</span> <span class='ocrx_word' id='word_1_155' title='bbox 396 2926 462 2972; x_wconf 80' lang='lat' dir='ltr'><strong>Exin</strong></span> <span class='ocrx_word' id='word_1_156' title='bbox 472 2926 500 2973; x_wconf 81' lang='lat' dir='ltr'><strong>de</strong></span> <span class='ocrx_word' id='word_1_157' title='bbox 511 2925 655 2985; x_wconf 80' lang='lat' dir='ltr'><strong>Scytharum</strong></span> <span class='ocrx_word' id='word_1_158' title='bbox 662 2927 805 2975; x_wconf 61' lang='lat' dir='ltr'><strong>nummum</strong></span> <span class='ocrx_word' id='word_1_159' title='bbox 814 2924 910 2968; x_wconf 73' lang='lat' dir='ltr'><strong>ena-</strong></span> 
     </span>
     <span class='ocr_line' id='line_1_20' title="bbox 77 2954 922 3080; baseline 0.008 -38"><span class='ocrx_word' id='word_1_160' title='bbox 77 3001 108 3042; x_wconf 76' lang='lat'><strong>62</strong></span> <span class='ocrx_word' id='word_1_161' title='bbox 121 2999 150 3044; x_wconf 78' lang='lat' dir='ltr'><strong>de</strong></span> <span class='ocrx_word' id='word_1_162' title='bbox 162 2999 251 3045; x_wconf 79' lang='lat' dir='ltr'><strong>bellicie</strong></span> <span class='ocrx_word' id='word_1_163' title='bbox 259 3000 377 3047; x_wconf 66' lang='lat' dir='ltr'><strong>latitatis</strong></span> <span class='ocrx_word' id='word_1_164' title='bbox 390 3015 409 3048; x_wconf 83' lang='lat' dir='ltr'><strong>o.</strong></span> <span class='ocrx_word' id='word_1_165' title='bbox 422 3006 490 3050; x_wconf 80' lang='grc'><strong>53-</strong></span> <span class='ocrx_word' id='word_1_166' title='bbox 502 3006 540 3052; x_wconf 79' lang='grc'>65.</span> <span class='ocrx_word' id='word_1_167' title='bbox 555 3004 588 3053; x_wconf 76' lang='lat' dir='ltr'><strong>the</strong></span> <span class='ocrx_word' id='word_1_168' title='bbox 608 3005 769 3054; x_wconf 70' lang='lat' dir='ltr'><strong>hiuiuatioua</strong></span> <span class='ocrx_word' id='word_1_169' title='bbox 781 3004 812 3050; x_wconf 74' lang='lat' dir='ltr'><strong>ab</strong></span> <span class='ocrx_word' id='word_1_170' title='bbox 820 2954 922 3080; x_wconf 37' lang='grc' dir='ltr'><strong>’ἰή</strong></span> 
     </span>
    </p>
   </div>
   <div class='ocr_carea' id='block_1_5' title="bbox 0 0 993 3286">
    <p class='ocr_par' dir='ltr' id='par_1_6' title="bbox 0 0 993 3286">
     <span class='ocr_line' id='line_1_21' title="bbox 0 0 993 3286; baseline 0 0"><span class='ocrx_word' id='word_1_171' title='bbox 0 0 993 3286; x_wconf 95' lang='lat' dir='ltr'><strong> </strong></span> 
     </span>
    </p>
   </div>
  </div>
 </body>
</html>
